2850 4259
1833 110 1861 130 a.

754 284 876 343 230
1127 284 1477 328 APPENDICE
1522 285 1769 330 CRITicA
1821 286 1901 327 El)
1949 284 2282 329 ESEGETICA

747 406 892 469 Pero,
933 408 1071 474 degli
1108 410 1327 460 scrittori
1365 411 1530 474 latini,
1569 407 1660 476 pih
1696 410 1791 461 che
1817 410 1891 476 gli
1918 412 2103 461 arcaici
2129 426 2256 460 sono
2293 409 2421 475 presi
2443 409 2491 457 in
2513 422 2613 456 con·

746 500 1059 550 siderazione
1083 498 1244 564 quelli
1270 500 1387 550 dell'
1403 509 1620 551 estrema
1645 501 1947 550 decadenza.
1977 499 2081 549 Cfr.
2109 500 2269 550 anche
2292 499 2346 547 P.
2372 496 2497 555 Rasi,
2524 497 2612 544 Oss.

747 589 865 637 sull'
877 604 969 636 uso
1006 588 1509 649 dell'allitterazione,
1545 589 1763 648 Padova‚
1812 587 1962 651 1889.
1996 615 2062 624 -—
2102 591 2308 653 Quanto
2340 588 2422 654 poi
2457 585 2614 636 all’uso

746 676 882 727 della
918 677 1098 743 parola
1130 678 1390 742 scraptura
1429 679 1515 727 nel
1552 686 1727 729 nostro
1764 678 1938 744 luogo,
1978 680 2014 727 il
2052 678 2239 729 Plessis
2276 678 2341 727 ed
2367 677 2404 727 il
2425 676 2614 724 Ramain

744 768 789 817 si
827 775 1099 817 accostano
1139 765 1474 833 all'opinione
1515 769 1598 818 del
1635 769 1857 819 Boissier
1911 763 2200 832 (Melanges
2244 767 2438 823 Graux,
2480 765 2610 826 Paris

750 853 899 918 1884,
937 873 986 922 p.
1027 852 1111 916 82,
1149 872 1198 907 n.
1240 854 1311 919 4),
1350 858 1575 908 secondo
1617 858 1656 907 il
1693 857 1845 923 quale
1882 858 2144 920 scriptura
2191 856 2548 907 accennerebbe
2588 871 2611 901 a

743 961 812 994 un
850 951 1024 1011 tempo
1060 946 1115 994 in
1152 945 1234 995 cui
1272 962 1377 996 non
1414 963 1501 996 era
1539 962 1726 997 ancora
1763 947 1817 996 in
1855 962 1948 996 uso
1986 947 2037 995 la
2063 946 2243 1012 parola
2270 952 2432 1009 poeta,
2458 960 2530 993 ma
2549 942 2610 992 sol

744 1040 886 1086 tanto
922 1036 1087 1084 scriba
1124 1036 1189 1085 ad
1225 1035 1452 1085 indicare
1493 1053 1523 1085 a
1559 1044 1720 1102 punto
1757 1037 1796 1086 il
1833 1044 2004 1102 poeta.
2042 1036 2085 1085 11
2121 1036 2352 1086 Thomas
2397 1034 2480 1099 (ad
2511 1033 2607 1081 Hec.

748 1121 835 1186 13)
870 1125 950 1174 sui
986 1124 1250 1175 sostantivi
1289 1125 1343 1174 in
1382 1131 1527 1174 -tura
1563 1122 1760 1191 (amm)
1797 1126 1841 1175 si
1878 1126 2103 1175 riferisce
2141 1142 2171 1175 a
2209 1125 2432 1187 Goelzer,
2476 1107 2609 1171 Etude

742 1213 800 1261 de
837 1213 887 1261 la
914 1208 1116 1261 latinite'
1144 1213 1203 1262 de
1239 1214 1377 1262 saint
1425 1209 1637 1271 Je'rbme,
1678 1214 1839 1274 Paris,
1888 1211 2036 1275 1884,
2076 1231 2162 1280 pp.
2207 1212 2276 1261 88
2313 1230 2418 1278 sgg.
2446 1237 2498 1247 --
2527 1211 2609 1259 Nu-

742 1303 927 1352 merosi
965 1302 1158 1368 esempi
1195 1303 1249 1352 in
1287 1302 1389 1353 fine
1414 1304 1467 1352 di
1507 1304 1728 1369 analogo
1766 1320 1857 1354 uso
1897 1305 1948 1353 di
1981 1310 2256 1367 postquam
2296 1303 2351 1351 in
2386 1301 2545 1352 Plauto
2584 1314 2606 1346 e

740 1392 1006 1452 Terenzio,
1033 1408 1061 1440 e
1098 1391 1152 1442 in
1188 1391 1428 1456 generale
1466 1392 1606 1457 negli
1631 1391 1849 1442 scrittori
1888 1392 2089 1450 arcaici,
2127 1389 2382 1455 raccoglie
2407 1392 2456 1439 Ρ.
2482 1386 2619 1438 Sche-

740 1496 835 1543 rer,
887 1480 968 1528 De
1008 1479 1300 1543 particulae
1351 1496 1383 1544 q
1402 1497 1489 1530 ua
1508 1499 1544 1530 n
1566 1480 1643 1529 do
1704 1488 1785 1545 ap.
1834 1481 2090 1543 uetustis-s.
2138 1480 2312 1543 script.
2360 1479 2440 1527 lat.
2485 1475 2535 1523 ui
2579 1478 2616 1521 et

742 1585 857 1625 usu,
894 1570 949 1619 in
987 1569 1357 1619 Studemuncls
1395 1571 1608 1619 Studien
1648 1571 1720 1634 11,
1757 1587 1844 1636 pp.
1886 1568 1954 1618 88
1993 1584 2104 1635 sgg.

810 1671 860 1722 3.
897 1658 1082 1709 Alcuni
1121 1659 1303 1708 editori
1340 1674 1684 1725 suppongono
1717 1675 1820 1709 una
1858 1659 2044 1709 lacuna
2082 1660 2220 1724 dopo
2259 1664 2432 1723 questo
2475 1667 2611 1703 verso.

737 1748 815 1797 La
851 1747 1117 1812 questione
1154 1744 1183 1797 ὲ
1219 1755 1350 1798 stata
1386 1755 1590 1798 trattata
1626 1750 1694 1798 da
1730 1749 1820 1798 noi
1856 1748 1912 1797 in
1950 1747 2156 1798 Bollett.
2195 1746 2250 1795 di
2265 1746 2399 1811 filol.
2424 1745 2553 1793 class.
2579 1751 2619 1805 5,

739 1853 825 1902 pp.
866 1835 961 1885 281
1005 1853 1113 1902 sgg.
1153 1833 1247 1902 (=
1283 1853 1369 1902 pp.
1399 1844 1428 1900 5
1457 1853 1565 1903 sgg.
1593 1838 1676 1887 del
1705 1846 1876 1888 nostro
1905 1837 2153 1903 opuscolo
2181 1837 2261 1885 De·
2281 1835 2452 1885 alcuni
2473 1830 2625 1895 luogln'

738 1926 1056 1975 controversi
1090 1926 1145 1975 da·
1180 1926 1232 1974 T
1230 1927 1444 1986 cremia,
1483 1928 1663 1989 Lecce‚
1711 1925 1885 1992 1899).
2628 1916 2636 1927 ’

809 2028 859 2076 4.
899 2015 1094 2063 Indicio
1120 2015 1179 2063 de
1203 2030 1253 2063 se
1289 2014 1391 2078 {fise
1429 2014 1540 2063 erit.
1581 2013 1703 2065 Cosi
1740 2014 1896 2080 leggo
1934 2030 2034 2064 con
2072 2014 2089 2063 i
2129 2030 2248 2063 mss.
2287 2012 2361 2076 (la
2385 2013 2469 2061 lez.
2494 2009 2627 2072 eripit

740 2104 792 2153 di
832 2106 881 2153 A
918 2120 1008 2170 per
1043 2105 1144 2154 erit
1176 2100 1205 2153 ὲ
1255 2105 1697 2156 manifestamente
1752 2122 1855 2155 una
1905 2102 2263 2168 scorrezione),
2302 2121 2330 2154 e
2379 2117 2470 2153 con
2511 2100 2623 2149 Ben-

740 2193 859 2258 tley,
896 2196 1141 2259 Wagner,
1181 2211 1209 2244 e
1248 2194 1299 2244 la
1337 2196 1574 2260 maggior
1609 2202 1752 2261 parte
1789 2194 1929 2260 degli
1981 2194 2180 2245 editori.
2220 2194 2371 2255 Auri,
2407 2189 2624 2241 trovando

740 2298 839 2333 con
877 2282 915 2333 il
951 2283 1130 2343 Bothe,
1168 2284 1368 2349 seguito
1427 2286 1511 2333 dal
1566 2284 1764 2335 Ritschl
1800 2282 2109 2348 (Prolegom.
2149 2285 2205 2331 in
2253 2283 2398 2331 Trin.
2436 2298 2483 2346 p.
2523 2291 2623 2341 119,

740 2368 903 2436 nota),
941 2388 1048 2422 non
1085 2373 1342 2423 ordinaria
1378 2373 1431 2424 la
1469 2374 1657 2424 misura
1693 2374 1967 2439 pirrichica
2013 2374 2064 2423 di
2121 2372 2221 2420 erit
2273 2374 2327 2421 in
2378 2385 2534 2419 mezzo
2585 2365 2627 2415 al

739 2462 956 2522 senario,
997 2462 1221 2528 leggono
1260 2463 1553 2514 altrimenti.
1594 2464 1639 2513 11
1675 2464 1995 2526 Fleckeisen,
2037 2464 2132 2514 che
2160 2479 2252 2529 per
2289 2462 2415 2513 altro
2452 2457 2629 2510 nell’ul·

741 2551 865 2601 tima
902 2552 1029 2601 ediz.
1058 2552 1289 2617 accoglie
1324 2552 1378 2603 la
1413 2553 1506 2604 lez.
1545 2553 1629 2603 del
1655 2555 1883 2619 Bentley,
1917 2553 2084 2620 prima
2112 2552 2423 2603 emendava:
2460 2550 2631 2598 Indicio

738 2638 797 2687 de
832 2655 932 2690 sese
967 2641 1002 2695 i.
1040 2656 1097 2699 e.,
1137 2657 1229 2691 uos
1264 2641 1454 2691 iudices
1488 2641 1655 2707 (eritis
1695 2637 1723 2690 ὲ
1761 2659 1960 2693 omesso
1999 2642 2054 2691 in
2097 2641 2195 2703 C1,
2225 2658 2254 2691 e
2295 2641 2476 2689 iudices
2508 2636 2633 2687 eritis·

739 2729 782 2779 si
806 2731 875 2780 ha
900 2733 955 2781 in
980 2728 1068 2796 B),
1096 2732 1151 2781 in
1177 2728 1260 2782 cib
1286 2733 1484 2798 seguito
1511 2733 1630 2782 dall'
1648 2732 2006 2799 Umpfenbach
2028 2746 2041 2790 ;
2071 2732 2124 2782 lo
2153 2732 2398 2782 Dziatzko
2417 2746 2434 2769 1
2471 2722 2636 2791 (1881)

738 2819 820 2869 De
856 2837 905 2869 se
942 2821 1045 2885 ip5e
1082 2821 1267 2870 indicio
1304 2822 1418 2878 erit,
1454 2837 1546 2871 uos
1582 2822 1725 2871 eritis
1763 2822 1950 2871 iudices
1987 2823 2096 2884 (ma
2132 2838 2290 2887 segue
2326 2822 2344 2870 i
2382 2836 2496 2870 mss.
2542 2816 2636 2867 nel·

738 2909 898 2962 l’ediz.
939 2911 1342 2962 Tauchnitziana
1379 2912 1464 2960 del
1507 2908 1695 2975 1884);
1734 2912 1772 2960 il
1807 2911 1972 2961 Bothe
2011 2918 2170 2961 stesso
2208 2911 2422 2977 leggeva
2458 2908 2634 2958 Indicio

737 3001 797 3050 de
832 3016 882 3050 se
917 3000 1021 3066 ipse
1057 3002 1159 3051 erit
1190 3010 1241 3051 et
1274 3018 1365 3051 uos
1401 3002 1544 3051 eritis
1582 3002 1768 3050 iudices
1805 2999 1876 3067 (et
1909 3002 1953 3052 si
1992 3002 2143 3067 legge
2187 3003 2243 3051 in
2297 3003 2358 3059 F,
2397 3018 2426 3050 e
2466 3015 2633 3049 ancora

738 3091 823 3141 nel
860 3089 1048 3155 Mam).
1088 3094 1176 3141 Ma
1214 3089 1302 3158 piii
1336 3093 1391 3142 in
1428 3090 1480 3142 la
1517 3109 1581 3142 va
1614 3092 1668 3142 10
1708 3092 1929 3151 Schoell,
1969 3092 2008 3141 il
2044 3092 2196 3157 quale
2246 3089 2455 3156 (Rhein.
2511 3091 2640 3141 Mus·

736 3195 823 3245 44,
864 3179 968 3241 284
1004 3178 1105 3247 sg.)
1141 3197 1373 3247 suppone
1410 3198 1513 3232 una
1550 3182 1736 3232 lacuna
1773 3198 1879 3231 non
1917 3182 2052 3248 dopo
2090 3182 2129 3230 il
2177 3198 2223 3231 v.
2281 3196 2328 3246 3,
2388 3200 2472 3231 ma
2519 3183 2638 3247 dopo

739 3270 936 3319 Indicio
973 3271 1026 3319 di
1064 3278 1241 3336 questo
1280 3287 1444 3335 verso,
1482 3271 1669 3321 lacuna
1705 3271 1801 3321 che
1838 3272 2008 3322 colma
2044 3269 2186 3322 cosi:
2245 3273 2442 3321 Indicio
2495 3268 2637 3338 [faho

720 3359 930 3423 factam
968 3376 1030 3409 ex
1067 3367 1235 3410 uetere
1270 3377 1422 3425 quom
1460 3368 1702 3424 arguant,
1742 3358 1927 3428 Index]
1964 3360 2022 3410 de
2057 3377 2107 3411 se
2143 3364 2249 3426 ipu
2297 3378 2384 3427 qq.
2419 3379 2515 3424 ss,;
2565 3361 2639 3411 cfr.

736 3448 787 3497 la
826 3457 947 3499 nota
984 3450 1159 3500 critica
1198 3450 1248 3500 al
1284 3467 1330 3500 v,
1372 3468 1446 3515 sg.
1486 3450 1756 3502 A.<Luchs
1798 3452 1853 3500 in
1895 3451 1998 3501 fine
2033 3448 2392 3514 (Quaestiones
2426 3452 2639 3501 metricae

738 3538 791 3587 in
829 3534 1168 3588 Studemund'
1186 3556 1212 3588 s
1249 3540 1480 3601 Studien,
1518 3541 1561 3602 1,
1596 3557 1715 3607 pag,
1754 3538 1850 3605 47)
1888 3540 2140 3606 consiglia
2175 3540 2335 3605 Ipsaeis
2359 3542 2419 3591 de
2453 3557 2547 3591 sese
2567 3541 2633 3588 in·

737 3629 863 3677 dicio
901 3646 933 3678 o
972 3630 1166 3678 Indicio
1204 3629 1344 3696 ipsus
1380 3631 1436 3679 de
1472 3626 1573 3680 se'se
1609 3632 1720 3688 erit,
1763 3646 1856 3679 uos
1894 3630 2096 3687 iudices,
2120 3627 2310 3696 perche
2355 3652 2380 3675 α
2403 3632 2502 3682 Vbi
2537 3631 2626 3694 ipse
