2850 4259
699 298 730 338 1
743 296 777 355 3
790 298 819 337 2
1465 295 1524 339 P.
1570 296 1843 339 matun

698 421 830 497 [ML
890 417 952 479 Si
996 417 1079 481 ita
1129 426 1384 497 aequom
1433 440 1641 484 censes
1687 428 1792 483 anit
1851 421 1902 483 si
1954 421 2035 481 ita
2101 440 2256 501 opus
2303 432 2389 482 est
2430 424 2584 498 facto,

1588 530 1812 573 eamus.

1911 514 2043 571 HE.
2092 514 2259 572 Bene
2305 509 2467 571 facis:

702 601 850 657 Nam
875 607 937 657 et
958 596 1045 658 ssli
1075 596 1342 659 animum
1365 598 1486 660 iam
1515 600 1832 673 releuabiS,
1868 605 2021 679 quae
2047 601 2259 660 dolore
2290 621 2358 660 ac
2380 599 2585 659 miseria

694 685 989 761 Ὑψέως
1040 696 1103 747 et
1161 697 1267 748 tuo
1314 688 1512 750 officio
1576 687 1755 749 fueris
1818 690 2074 751 sanctus,

2169 689 2278 748 sed
2340 687 2388 748 si
2441 689 2591 748 aliter

1579 787 1770 857 putaS,

693 869 945 941 Egomet
989 867 1244 926 narrabo
1278 871 1432 942 quae
1477 865 1626 927 mihi
1672 865 1838 927 dixti.

1933 868 2048 927 ΜΙ.
2099 848 2298 927 Ῐωωο
2330 885 2436 943 ego
2478 865 2587 925 ibo,

1576 957 1712 1017 HE.
1760 960 1923 1016 Bene
1968 954 2112 1016 facis
2140 952 2177 1035 ε]

690 1045 935 1117 Chanes,
984 1040 1202 1119 quib‘n's
1247 1061 1343 1103 res
1396 1055 1536 1104 sunt
1594 1045 1793 1105 msnh‘s
1853 1045 2171 1116 secundae,
2238 1044 2425 1121 magis
2467 1052 2592 1103 sunt

1579 1132 1784 1195 nescio
1829 1141 1950 1208 quo
1997 1134 2184 1193 modo
2475 1135 2584 1207 605

686 1218 1010 1297 Safipsciosi
1035 1236 1050 1281 ἔ

686 1429 782 1477 due
822 1428 994 1478 vecchi
1044 1427 1295 1478 tornando
1331 1429 1416 1479 dal
1462 1429 1590 1480 foro.

686 1501 834 1549 Unde
870 1498 1214 1563 giustamente
1246 1515 1448 1551 osserva
1484 1502 1589 1551 Do·

686 1585 839 1621 natu:
896 1570 1067 1620 Nimis
1124 1571 1252 1637 (egli
1307 1573 1430 1622 vuol
1483 1573 1593 1623 dire

691 1661 710 1681 Γ--
746 1641 1020 1691 admodum
1051 1639 1104 1706 ι)
1134 1639 1355 1694 breviter
1391 1659 1451 1693 ac
1475 1658 1588 1693 suc-

686 1717 848 1763 .··.-incte
868 1718 919 1762 et
943 1720 1002 1761 ut
1025 1714 1252 1779 oportuit
1272 1715 1405 1764 inter
1428 1715 1594 1765 scien-

686 1793 774 1833 ἰι-με.
816 1811 880 1821 -
919 1784 1063 1834 eius.-
1115 1785 1460 1836 monosillabo
1500 1803 1593 1852 per

682 1872 900 1905 fflsslffsssl·

754 1928 872 1976 [am.
930 1933 1059 1989 opus
1125 1934 1202 1977 est
1242 1927 1398 1993 facto
1421 1945 1438 1976 .·
1495 1928 1588 1978 cfr.

686 2013 726 2045 v.
770 2010 887 2061 342·
925 1997 1063 2048 Vedi
1100 1998 1275 2064 l'App.
1314 1999 1425 2049 crit.

742 2069 862 2119 thaz.
915 2069 1057 2117 Nam
1076 2088 1092 2119 .·
1143 2069 1235 2120 cfr.
1289 2071 1423 2136 App.
1477 2070 1587 2121 crit.

682 2141 724 2185 nl
762 2154 903 2189 verso
928 2141 1252 2204 precedente.
1280 2167 1346 2176 —
1373 2141 1471 2201 illi,
1498 2141 1587 2195 sel.

682 2212 894 2277 ssifgim‘·
934 2236 1001 2246 —·
1039 2212 1176 2261 iam:
1225 2212 1315 2262 cfr.
1365 2228 1411 2263 V.
1468 2211 1587 2262 286.

682 2309 742 2317 -—
790 2282 1071 2332 raeleuabis:
1107 2282 1151 2331 si
1187 2283 1298 2334 noti
1336 2282 1375 2332 il
1413 2282 1589 2333 futuro

678 2353 923 2417 s-fflnplice
973 2353 1227 2403 releuabis
1276 2360 1487 2404 accanto
1537 2354 1589 2403 al

682 2425 850 2473 futuro
880 2424 1132 2474 anteriore
1143 2424 1331 2487 fueris
1350 2426 1589 2488 functus

678 2497 758 2541 mcxl
810 2510 955 2545 verso
994 2502 1255 2559 seguente,
1303 2512 1452 2546 come
1501 2497 1587 2546 nei

678 2585 750 2613 τ.
798 2565 919 2629 980·
926 2564 1045 2635 981,
1098 2582 1126 2616 e
1176 2567 1230 2616 in
1271 2569 1444 2616 Andr.
1485 2577 1588 2631 570

678 2661 694 2673 ·-
770 2639 953 2697 ·Eun.
983 2648 1116 2701 7233
1144 2638 1267 2687 Hec.
1300 2648 1422 2703 599.
1449 2637 1588 2687 Con-

678 2713 734 2753 ai
706 2661 778 2753 ιΊΙ1Ι
762 2725 842 2757 ra
885 2709 975 2773 poi
1012 2709 1171 2774 lunga
1209 2709 1259 2759 la
1295 2710 1464 2775 prima
1501 2708 1588 2758 sil·

678 2781 722 2825 l'fl
734 2781 762 2825 1·.-
770 2797 794 2826 :1-
834 2779 883 2827 di
919 2780 1189 2839 releuabis,
1226 2796 1373 2831 come
1410 2779 1460 2830 la
1498 2796 1586 2846 pa-

678 2853 786 2897 ula
826 2850 958 2900 fosse
1007 2852 1180 2900 scritta
1216 2852 1490 2901 relleuabis
1533 2850 1588 2914 (e

678 2941 770 2969 mn
825 2921 1013 2987 doppia
1064 2923 1089 2971 l
1131 2922 1416 2986 leggevano
1469 2939 1499 2972 e
1547 2922 1587 2971 il

682 2993 891 3055 henttey
928 3009 957 3042 e
994 2993 1043 3042 le
1081 2994 1286 3043 vecchie
1324 2991 1582 3058 edizioni),

678 3081 702 3109 c
746 3064 940 3113 ricorda
989 3073 1038 3112 a'
1070 3065 1333 3130 proposito
1381 3065 1478 3114 che
1515 3064 1583 3114 si·

678 3137 941 3185 mailmente
964 3135 1161 3199 religio,
1193 3136 1444 3200 reliquiae
1479 3150 1587 3184 non

678 3206 983 3269 pstrebbero
1021 3213 1218 3255 entrare
1258 3222 1288 3255 a
1325 3206 1403 3255 far
1441 3214 1585 3272 parte

678 3277 794 3325 4⁴:11·
814 3284 1077 3335 esametro,
1106 3293 1159 3326 se
1186 3277 1237 3326 la
1273 3277 1440 3342 prima
1475 3277 1585 3327 loro

678 3349 858 3397 ,amba
894 3349 999 3397 non
1043 3347 1179 3397 fosse
1218 3348 1401 3411 lunga:
1446 3348 1585 3398 nelle

674 3420 877 3469 mathie
904 3418 1126 3469 edizioni
1163 3419 1218 3468 in
1255 3419 1373 3469 fatti
1401 3419 1444 3468 si
1471 3420 1584 3468 rad-

674 3493 926 3553 ·?-·1¹·piava
962 3491 1013 3539 la
1037 3498 1366 3540 consonante.
1397 3517 1465 3526 —
1494 3492 1581 3538 do-

674 3565 782 3605 swas
818 3578 877 3609 nc
916 3562 1153 3610 miseria:
1192 3558 1301 3610 cioe
1344 3581 1366 3605 ι
1405 3562 1584 3611 dolore

682 3653 686 3693 i
718 3632 1017 3693 *rturientiffi
1052 3632 1257 3683 miseria
1292 3631 1481 3682 iniuria
1517 3633 1583 3681 ab

1130 1220 1207 1281 ad
1249 1220 1678 1283 contumeliam
1724 1221 1929 1283 omnia
1971 1220 2278 1299 accipiant
2320 1218 2526 1309 magist:

1699 1431 1957 1481 Aeschino
1975 1437 2184 1497 accepta
2205 1449 2229 1474 ι
2255 1430 2470 1481 Donato.
2491 1428 2583 1478 Cfr.

1699 1503 1837 1567 App.
1875 1502 1984 1553 crit.

1773 1576 1897 1637 603.
1924 1580 2013 1622 tuo
2043 1573 2233 1637 officio:
2258 1572 2408 1622 unico
2443 1587 2580 1621 esem·

1701 1643 1791 1709 pio
1829 1644 1883 1694 in
1910 1644 2165 1694 Terenzio
2201 1643 2256 1692 di
2277 1643 2481 1709 fungor
2511 1657 2582 1690 oo·

1700 1715 1883 1764 struito
1904 1724 2019 1764 ‘con
2063 1715 2096 1763 l·
2110 1715 2364 1766 ablativo:
2413 1713 2581 1763 altrove

1700 1786 1743 1835 si
1780 1785 1847 1835 ha
1883 1785 1918 1834 1’
1933 1786 2238 1835 accusativo.
2277 1784 2380 1834 Cfr.
2407 1800 2452 1834 v,
2474 1783 2575 1845 464.

1699 1856 1754 1906 Si
1792 1857 1900 1906 noti
1948 1857 2039 1923 poi
2088 1857 2183 1906 che
2220 1856 2272 1905 la
2319 1856 2474 1922 prima
2504 1853 2578 1903 sil-

1698 1927 1817 1977 laba
1854 1928 1907 1977 di
1945 1929 2101 1992 qfficio
2128 1923 2157 1975 ὲ
2194 1927 2479 1977 abbreviata
2502 1940 2578 1989 per

1698 1998 1749 2047 la
1767 2005 1891 2048 nota
1917 1998 2066 2063 legge
2093 1998 2229 2048 delle
2250 1998 2420 2063 parole
2442 1996 2572 2060 giam-

1697 2070 1862 2119 biche.
1903 2096 1969 2105 -
1993 2069 2179 2133 fueris
2201 2070 2462 2135 functus:
2499 2066 2575 2115 cfr.

1697 2156 1745 2190 v.
1791 2153 1906 2203 127.

1770 2211 1892 2273 604.
1925 2212 2066 2271 mihi,
2105 2226 2205 2261 con
2242 2210 2294 2260 la
2330 2210 2496 2260 sillaba
2525 2206 2568 2253 fi-

1697 2282 1816 2333 nale
1851 2282 2039 2347 lunga;
2079 2282 2170 2331 cfr.
2196 2298 2244 2329 v.
2281 2294 2394 2343 142.
2426 2280 2485 2330 Se
2503 2293 2572 2335 no,

1697 2353 1920 2403 dovresti
1958 2359 2258 2402 ammettere
2295 2352 2349 2401 lo
2387 2353 2481 2401 iato
2511 2356 2568 2397 tra

1697 2425 1837 2475 dixti
1882 2424 1946 2474 ed
1989 2426 2170 2481 Immo,
2209 2439 2318 2473 non
2367 2420 2567 2487 impossi-

1678 2495 1801 2545 ‘bile
1861 2494 1947 2545 del
2003 2502 2154 2554 reste,
2215 2490 2400 2560 perche
2456 2490 2573 2542 nello

1697 2566 1924 2616 scambio
1991 2566 2074 2615 dei
2147 2564 2464 2631 personaggi.
2517 2586 2567 2597 -

1694 2638 1880 2693 Immo,
1916 2652 1998 2685 no,

1769 2708 1890 2772 605.
1930 2708 2130 2771 quibus,
2185 2707 2374 2767 minus,
2421 2704 2572 2768 magis»

1694 2778 1920 2844 pirrichi.
1960 2804 2026 2814 --
2061 2778 2260 2826 nescio:
2299 2778 2389 2827 cfr.
2424 2792 2466 2825 v.
2501 2785 2564 2835 79.

1694 2852 1792 2900 Per
1816 2850 1855 2898 il
1885 2848 2121 2913 pensiero
2160 2848 2254 2898 cfr.
2283 2848 2321 2897 il
2357 2851 2567 2911 seguente
2609 2832 2627 2857 ⁹

1695 2920 1792 2985 frg.
1831 2918 1969 2985 (IX),
2008 2920 2102 2969 che
2153 2919 2192 2968 il
2242 2918 2472 2969 Meineke
2508 2920 2563 2961 at·

1697 2991 1937 3041 tribuisce
1975 2990 2080 3053 agli
2125 2986 2370 3054 Ἀδελφοί
2405 2989 2452 3037 di
2484 2986 2567 3035 Me·

1694 3062 1918 3112 nandro:
1957 3057 2090 3125 πρὸς
2127 3058 2332 3111 ἅπαντα
2368 3054 2517 3110 δειλὸν
2544 3049 2569 3101 ὃ

1691 3129 1852 3197 πένης
1899 3128 2004 3181 ἐστὶ
2041 3128 2157 3197 γάρ,
2216 3133 2225 3197 Ι
2283 3128 2374 3181 καὶ
2407 3126 2566 3179 πάντας

1693 3200 1856 3254 αὑτοῦ
1907 3207 2264 3268 καταφρονεῖν
2301 3200 2399 3253 ὕπο
2401 3192 2569 3286 λαμβᾶ·

1691 3289 1795 3324 νει·
1842 3274 1851 3339 Ι
1885 3271 1915 3323 ὁ
1961 3269 2059 3340 γὰρ
2097 3272 2326 3339 μετρίως
2360 3268 2567 3353 πράττων

1691 3342 2154 3410 περισκελέστερον
2205 3349 2214 3408 Ι
2269 3343 2460 3395 ἅπαντα
2500 3334 2565 3387 τᾶ-

1692 3412 1864 3481 νιαρά,
1926 3412 2205 3479 Λαμπρία,
2267 3413 2429 3480 φέρει.
2483 3410 2568 3459 cfr.

1690 3487 1932 3547 Nencini,
1971 3504 2054 3553 op.
2095 3489 2199 3552 cit.,
2236 3504 2288 3554 p.
2330 3485 2422 3536 128
2455 3489 2563 3538 notas

1699 3573 1884 3679 133&
1924 3629 2000 3678 ad
2029 3630 2462 3679 contumeliam...
2497 3638 2564 3670 ac-

2742 3240 2745 3261 4

2743 3262 2745 3291 1
