<?xml version="1.0" encoding="UTF-8"?>
<!DOCTYPE html PUBLIC "-//W3C//DTD XHTML 1.0 Transitional//EN"
    "http://www.w3.org/TR/xhtml1/DTD/xhtml1-transitional.dtd">
<html xmlns="http://www.w3.org/1999/xhtml" xml:lang="en" lang="en">
 <head>
  <title>
</title>
<meta http-equiv="Content-Type" content="text/html;charset=utf-8" />
  <meta name='ocr-system' content='tesseract 3.04.00' />
  <meta name='ocr-capabilities' content='ocr_page ocr_carea ocr_par ocr_line ocrx_word'/>
</head>
<body>
  <div class='ocr_page' id='page_1' title='image "./pterentiafriade00cupagoog_0297.png"; bbox 0 0 2850 4259; ppageno 0'>
   <div class='ocr_carea' id='block_1_1' title="bbox 377 264 951 337">
    <p class='ocr_par' dir='ltr' id='par_1_1' title="bbox 377 264 951 337">
     <span class='ocr_line' id='line_1_1' title="bbox 377 264 951 337; baseline -0.007 -18"><span class='ocrx_word' id='word_1_1' title='bbox 377 264 439 337; x_wconf 81' lang='lat'>156</span> <span class='ocrx_word' id='word_1_2' title='bbox 762 275 789 319; x_wconf 80' lang='lat' dir='ltr'>P.</span> <span class='ocrx_word' id='word_1_3' title='bbox 814 274 951 316; x_wconf 76' lang='lat' dir='ltr'>rennnnr</span> 
     </span>
    </p>
   </div>
   <div class='ocr_carea' id='block_1_2' title="bbox 373 397 1314 562">
    <p class='ocr_par' dir='ltr' id='par_1_2' title="bbox 373 397 1314 562">
     <span class='ocr_line' id='line_1_2' title="bbox 373 397 1314 476; baseline -0.005 -13"><span class='ocrx_word' id='word_1_4' title='bbox 373 401 440 463; x_wconf 85' lang='lat' dir='ltr'>DE.</span> <span class='ocrx_word' id='word_1_5' title='bbox 466 399 527 459; x_wconf 83' lang='lat' dir='ltr'>Sed</span> <span class='ocrx_word' id='word_1_6' title='bbox 557 400 663 459; x_wconf 63' lang='lat' dir='ltr'>eccum</span> <span class='ocrx_word' id='word_1_7' title='bbox 694 406 814 476; x_wconf 77' lang='lat' dir='ltr'>Ipsum:</span> <span class='ocrx_word' id='word_1_8' title='bbox 856 397 969 460; x_wconf 85' lang='lat' dir='ltr'>teiam</span> <span class='ocrx_word' id='word_1_9' title='bbox 996 400 1111 459; x_wconf 80' lang='lat' dir='ltr'>dtidum</span> <span class='ocrx_word' id='word_1_10' title='bbox 1134 418 1247 476; x_wconf 87' lang='lat' dir='ltr'>quaero,</span> <span class='ocrx_word' id='word_1_11' title='bbox 1266 401 1314 458; x_wconf 81' lang='lat' dir='ltr'>Mt-</span> 
     </span>
     <span class='ocr_line' id='line_1_3' title="bbox 686 488 1314 562; baseline -0.008 -12"><span class='ocrx_word' id='word_1_12' title='bbox 686 495 688 506; x_wconf 92' lang='lat'>&#39;</span> <span class='ocrx_word' id='word_1_13' title='bbox 822 488 877 550; x_wconf 89' lang='lat' dir='ltr'>cio.</span> <span class='ocrx_word' id='word_1_14' title='bbox 1262 505 1314 562; x_wconf 80' lang='lat'>7²⁰</span> 
     </span>
    </p>
   </div>
   <div class='ocr_carea' id='block_1_3' title="bbox 373 575 1317 654">
    <p class='ocr_par' dir='ltr' id='par_1_3' title="bbox 373 575 1317 654">
     <span class='ocr_line' id='line_1_4' title="bbox 373 575 1317 654; baseline -0.004 -15"><span class='ocrx_word' id='word_1_15' title='bbox 373 580 432 639; x_wconf 88' lang='grc' dir='ltr'>ΜΙ.</span> <span class='ocrx_word' id='word_1_16' title='bbox 458 575 541 652; x_wconf 86' lang='lat' dir='ltr'>Quid</span> <span class='ocrx_word' id='word_1_17' title='bbox 565 577 658 637; x_wconf 69' lang='lat' dir='ltr'>nam?</span> <span class='ocrx_word' id='word_1_18' title='bbox 703 578 767 637; x_wconf 88' lang='lat' dir='ltr'>DE.</span> <span class='ocrx_word' id='word_1_19' title='bbox 793 577 869 638; x_wconf 86' lang='lat' dir='ltr'>Fero</span> <span class='ocrx_word' id='word_1_20' title='bbox 892 575 949 636; x_wconf 84' lang='lat' dir='ltr'>alia</span> <span class='ocrx_word' id='word_1_21' title='bbox 972 575 1082 654; x_wconf 65' lang='lat' dir='ltr'>flagitia</span> <span class='ocrx_word' id='word_1_22' title='bbox 1096 578 1136 636; x_wconf 85' lang='lat' dir='ltr'>ad</span> <span class='ocrx_word' id='word_1_23' title='bbox 1151 587 1181 637; x_wconf 88' lang='lat' dir='ltr'>te</span> <span class='ocrx_word' id='word_1_24' title='bbox 1202 575 1317 654; x_wconf 76' lang='lat' dir='ltr'>ingentia</span> 
     </span>
    </p>
   </div>
   <div class='ocr_carea' id='block_1_4' title="bbox 371 663 1317 904">
    <p class='ocr_par' dir='ltr' id='par_1_4' title="bbox 371 663 1317 904">
     <span class='ocr_line' id='line_1_5' title="bbox 373 663 1316 739; baseline -0.004 -11"><span class='ocrx_word' id='word_1_25' title='bbox 373 664 450 728; x_wconf 88' lang='lat' dir='ltr'>Boni</span> <span class='ocrx_word' id='word_1_26' title='bbox 465 666 545 724; x_wconf 76' lang='lat' dir='ltr'>illius</span> <span class='ocrx_word' id='word_1_27' title='bbox 560 665 769 726; x_wconf 77' lang='lat' dir='ltr'>adulescentis.</span> <span class='ocrx_word' id='word_1_28' title='bbox 818 668 876 729; x_wconf 88' lang='grc' dir='ltr'>ΜΙ.</span> <span class='ocrx_word' id='word_1_29' title='bbox 892 669 972 727; x_wconf 89' lang='lat' dir='ltr'>Ecce</span> <span class='ocrx_word' id='word_1_30' title='bbox 986 663 1107 727; x_wconf 77' lang='lat' dir='ltr'>autern!</span> <span class='ocrx_word' id='word_1_31' title='bbox 1154 668 1217 726; x_wconf 85' lang='lat' dir='ltr'>DE.</span> <span class='ocrx_word' id='word_1_32' title='bbox 1234 668 1316 739; x_wconf 83' lang='lat' dir='ltr'>Noua,</span> 
     </span>
     <span class='ocr_line' id='line_1_6' title="bbox 371 752 1317 904; baseline -0.004 -87"><span class='ocrx_word' id='word_1_33' title='bbox 371 753 529 833; x_wconf 70' lang='lat' dir='ltr'>Capitalia.</span> <span class='ocrx_word' id='word_1_34' title='bbox 576 757 634 815; x_wconf 93' lang='grc' dir='ltr'>ΜΙ.</span> <span class='ocrx_word' id='word_1_35' title='bbox 666 755 735 814; x_wconf 91' lang='lat' dir='ltr'>Ohe</span> <span class='ocrx_word' id='word_1_36' title='bbox 764 753 870 903; x_wconf 59' lang='lat' dir='ltr'>iamnil</span> <span class='ocrx_word' id='word_1_37' title='bbox 895 757 974 904; x_wconf 49' lang='lat' dir='ltr'>{io</span> <span class='ocrx_word' id='word_1_38' title='bbox 995 755 1100 815; x_wconf 79' lang='lat' dir='ltr'>Nescis</span> <span class='ocrx_word' id='word_1_39' title='bbox 1129 752 1182 831; x_wconf 89' lang='lat' dir='ltr'>qui</span> <span class='ocrx_word' id='word_1_40' title='bbox 1210 753 1253 815; x_wconf 87' lang='lat' dir='ltr'>uir</span> <span class='ocrx_word' id='word_1_41' title='bbox 1278 761 1317 814; x_wconf 80' lang='lat' dir='ltr'>sit.</span> 
     </span>
    </p>
   </div>
   <div class='ocr_carea' id='block_1_5' title="bbox 370 1049 1324 2453">
    <p class='ocr_par' dir='ltr' id='par_1_5' title="bbox 370 1049 1322 1474">
     <span class='ocr_line' id='line_1_7' title="bbox 370 1049 1319 1121; baseline -0.002 -17"><span class='ocrx_word' id='word_1_42' title='bbox 370 1054 508 1104; x_wconf 84' lang='lat' dir='ltr'>s&#39;intende.</span> <span class='ocrx_word' id='word_1_43' title='bbox 527 1057 576 1105; x_wconf 88' lang='lat' dir='ltr'>Per</span> <span class='ocrx_word' id='word_1_44' title='bbox 598 1053 623 1104; x_wconf 80' lang='lat' dir='ltr'>la</span> <span class='ocrx_word' id='word_1_45' title='bbox 640 1055 775 1105; x_wconf 76' lang='lat' dir='ltr'>locutione</span> <span class='ocrx_word' id='word_1_46' title='bbox 796 1055 829 1105; x_wconf 88' lang='lat' dir='ltr'>ri·</span> <span class='ocrx_word' id='word_1_47' title='bbox 883 1056 916 1106; x_wconf 76' lang='lat' dir='ltr'>hc</span> <span class='ocrx_word' id='word_1_48' title='bbox 940 1061 1032 1121; x_wconf 82' lang='lat' dir='ltr'>sapnto</span> <span class='ocrx_word' id='word_1_49' title='bbox 1053 1054 1072 1103; x_wconf 92' lang='lat' dir='ltr'>il</span> <span class='ocrx_word' id='word_1_50' title='bbox 1097 1069 1182 1103; x_wconf 87' lang='lat' dir='ltr'>nuovo</span> <span class='ocrx_word' id='word_1_51' title='bbox 1206 1053 1266 1102; x_wconf 86' lang='lat' dir='ltr'>fatto</span> <span class='ocrx_word' id='word_1_52' title='bbox 1287 1049 1319 1102; x_wconf 88' lang='lat' dir='ltr'>del</span> 
     </span>
     <span class='ocr_line' id='line_1_8' title="bbox 372 1124 1320 1193; baseline -0.004 -18"><span class='ocrx_word' id='word_1_53' title='bbox 372 1125 466 1175; x_wconf 82' lang='lat' dir='ltr'>ferisco</span> <span class='ocrx_word' id='word_1_54' title='bbox 488 1126 514 1174; x_wconf 86' lang='lat' dir='ltr'>la</span> <span class='ocrx_word' id='word_1_55' title='bbox 535 1133 595 1175; x_wconf 75' lang='lat' dir='ltr'>nota</span> <span class='ocrx_word' id='word_1_56' title='bbox 621 1127 691 1177; x_wconf 84' lang='lat' dir='ltr'>dello</span> <span class='ocrx_word' id='word_1_57' title='bbox 716 1127 831 1193; x_wconf 84' lang='lat' dir='ltr'>Spengel</span> <span class='ocrx_word' id='word_1_58' title='bbox 883 1126 1038 1177; x_wconf 82' lang='lat' dir='ltr'>tradimento</span> <span class='ocrx_word' id='word_1_59' title='bbox 1062 1124 1088 1173; x_wconf 93' lang='lat' dir='ltr'>di</span> <span class='ocrx_word' id='word_1_60' title='bbox 1112 1124 1219 1176; x_wconf 80' lang='lat' dir='ltr'>Panfiln.</span> <span class='ocrx_word' id='word_1_61' title='bbox 1242 1126 1283 1173; x_wconf 87' lang='lat' dir='ltr'>Ibo</span> <span class='ocrx_word' id='word_1_62' title='bbox 1297 1137 1320 1171; x_wconf 78' lang='lat' dir='ltr'>oc</span> 
     </span>
     <span class='ocr_line' id='line_1_9' title="bbox 373 1195 1320 1262; baseline -0.002 -17"><span class='ocrx_word' id='word_1_63' title='bbox 373 1195 407 1245; x_wconf 76' lang='lat' dir='ltr'>ad</span> <span class='ocrx_word' id='word_1_64' title='bbox 426 1197 527 1246; x_wconf 62' lang='grc' dir='ltr'>Αηιίν.2</span> <span class='ocrx_word' id='word_1_65' title='bbox 546 1197 608 1252; x_wconf 85' lang='grc'>166;</span> <span class='ocrx_word' id='word_1_66' title='bbox 627 1198 684 1248; x_wconf 84' lang='lat' dir='ltr'>vale</span> <span class='ocrx_word' id='word_1_67' title='bbox 702 1215 717 1247; x_wconf 81' lang='lat' dir='ltr'>a</span> <span class='ocrx_word' id='word_1_68' title='bbox 736 1198 791 1247; x_wconf 88' lang='lat' dir='ltr'>dire</span> <span class='ocrx_word' id='word_1_69' title='bbox 805 1198 829 1247; x_wconf 79' lang='lat' dir='ltr'>la</span> <span class='ocrx_word' id='word_1_70' title='bbox 883 1199 1016 1262; x_wconf 80' lang='lat' dir='ltr'><em>requiram</em></span> <span class='ocrx_word' id='word_1_71' title='bbox 1032 1196 1161 1261; x_wconf 81' lang='lat' dir='ltr'>fratrem,</span> <span class='ocrx_word' id='word_1_72' title='bbox 1184 1203 1216 1244; x_wconf 84' lang='lat' dir='ltr'>ut</span> <span class='ocrx_word' id='word_1_73' title='bbox 1231 1197 1258 1244; x_wconf 82' lang='lat' dir='ltr'>in</span> <span class='ocrx_word' id='word_1_74' title='bbox 1277 1209 1320 1243; x_wconf 77' lang='lat' dir='ltr'>eun</span> 
     </span>
     <span class='ocr_line' id='line_1_10' title="bbox 374 1264 1321 1334; baseline -0.004 -18"><span class='ocrx_word' id='word_1_75' title='bbox 374 1274 461 1316; x_wconf 87' lang='lat' dir='ltr'>nostra</span> <span class='ocrx_word' id='word_1_76' title='bbox 479 1269 638 1332; x_wconf 83' lang='lat' dir='ltr'>espressione</span> <span class='ocrx_word' id='word_1_77' title='bbox 653 1267 747 1319; x_wconf 79' lang='lat' dir='ltr'>iicorre</span> <span class='ocrx_word' id='word_1_78' title='bbox 766 1285 830 1334; x_wconf 87' lang='lat' dir='ltr'>pure</span> <span class='ocrx_word' id='word_1_79' title='bbox 884 1270 944 1317; x_wconf 81' lang='lat' dir='ltr'>haec</span> <span class='ocrx_word' id='word_1_80' title='bbox 961 1284 1084 1325; x_wconf 73' lang='lat' dir='ltr'>mamam,</span> <span class='ocrx_word' id='word_1_81' title='bbox 1099 1267 1172 1331; x_wconf 82' lang='lat' dir='ltr'>grida</span> <span class='ocrx_word' id='word_1_82' title='bbox 1190 1267 1285 1315; x_wconf 81' lang='lat' dir='ltr'>Demea</span> <span class='ocrx_word' id='word_1_83' title='bbox 1293 1264 1321 1312; x_wconf 79' lang='lat' dir='ltr'>le·</span> 
     </span>
     <span class='ocr_line' id='line_1_11' title="bbox 375 1333 1322 1403; baseline -0.003 -17"><span class='ocrx_word' id='word_1_84' title='bbox 375 1337 404 1387; x_wconf 93' lang='lat' dir='ltr'>in</span> <span class='ocrx_word' id='word_1_85' title='bbox 422 1339 508 1388; x_wconf 81' lang='lat' dir='ltr'>Andr.</span> <span class='ocrx_word' id='word_1_86' title='bbox 526 1339 574 1387; x_wconf 86' lang='lat'>166</span> <span class='ocrx_word' id='word_1_87' title='bbox 593 1341 628 1389; x_wconf 88' lang='lat' dir='ltr'>In</span> <span class='ocrx_word' id='word_1_88' title='bbox 645 1340 832 1403; x_wconf 73' lang='lat' dir='ltr'>Pamphilam</span> <span class='ocrx_word' id='word_1_89' title='bbox 884 1340 987 1388; x_wconf 71' lang='lat' dir='ltr'>sciendo</span> <span class='ocrx_word' id='word_1_90' title='bbox 1006 1339 1032 1386; x_wconf 85' lang='lat' dir='ltr'>la</span> <span class='ocrx_word' id='word_1_91' title='bbox 1048 1353 1123 1387; x_wconf 84' lang='lat' dir='ltr'>scena</span> <span class='ocrx_word' id='word_1_92' title='bbox 1146 1337 1198 1386; x_wconf 80' lang='lat' dir='ltr'><strong>alla</strong></span> <span class='ocrx_word' id='word_1_93' title='bbox 1224 1335 1273 1387; x_wconf 86' lang='lat' dir='ltr'>fine</span> <span class='ocrx_word' id='word_1_94' title='bbox 1291 1333 1322 1384; x_wconf 87' lang='lat' dir='ltr'>del</span> 
     </span>
     <span class='ocr_line' id='line_1_12' title="bbox 374 1406 1140 1474; baseline 0 -15"><span class='ocrx_word' id='word_1_95' title='bbox 374 1410 418 1459; x_wconf 79' lang='lat' dir='ltr'>nil</span> <span class='ocrx_word' id='word_1_96' title='bbox 431 1409 467 1457; x_wconf 79' lang='lat' dir='ltr'>sit</span> <span class='ocrx_word' id='word_1_97' title='bbox 478 1426 580 1466; x_wconf 74' lang='lat' dir='ltr'>morae:</span> <span class='ocrx_word' id='word_1_98' title='bbox 599 1424 652 1470; x_wconf 85' lang='lat'>420</span> <span class='ocrx_word' id='word_1_99' title='bbox 665 1411 757 1474; x_wconf 84' lang='lat' dir='ltr'><em>Neque</em></span> <span class='ocrx_word' id='word_1_100' title='bbox 768 1411 832 1459; x_wconf 72' lang='lat' dir='ltr'><em>aliti</em></span> <span class='ocrx_word' id='word_1_101' title='bbox 884 1410 924 1461; x_wconf 89' lang='lat'>111</span> <span class='ocrx_word' id='word_1_102' title='bbox 942 1416 995 1459; x_wconf 84' lang='lat' dir='ltr'>atto</span> <span class='ocrx_word' id='word_1_103' title='bbox 1013 1406 1048 1474; x_wconf 83' lang='lat' dir='ltr'>(v.</span> <span class='ocrx_word' id='word_1_104' title='bbox 1069 1407 1140 1474; x_wconf 83' lang='lat'>510).</span> 
     </span>
    </p>

    <p class='ocr_par' dir='ltr' id='par_1_6' title="bbox 371 1475 1324 2453">
     <span class='ocr_line' id='line_1_13' title="bbox 376 1475 1322 1544; baseline -0.002 -14"><span class='ocrx_word' id='word_1_105' title='bbox 376 1496 486 1544; x_wconf 80' lang='lat' dir='ltr'><em>usquam</em></span> <span class='ocrx_word' id='word_1_106' title='bbox 506 1481 554 1529; x_wconf 78' lang='lat' dir='ltr'>tibi</span> <span class='ocrx_word' id='word_1_107' title='bbox 570 1484 620 1530; x_wconf 78' lang='lat' dir='ltr'>erit</span> <span class='ocrx_word' id='word_1_108' title='bbox 641 1483 670 1530; x_wconf 83' lang='lat' dir='ltr'>in</span> <span class='ocrx_word' id='word_1_109' title='bbox 692 1497 830 1531; x_wconf 84' lang='lat' dir='ltr'>memora.</span> <span class='ocrx_word' id='word_1_110' title='bbox 922 1492 982 1543; x_wconf 83' lang='lat'>721.</span> <span class='ocrx_word' id='word_1_111' title='bbox 1016 1481 1088 1541; x_wconf 78' lang='lat' dir='ltr'>Quid</span> <span class='ocrx_word' id='word_1_112' title='bbox 1114 1485 1202 1528; x_wconf 69' lang='lat' dir='ltr'>nam)</span> <span class='ocrx_word' id='word_1_113' title='bbox 1239 1497 1251 1521; x_wconf 70' lang='grc' dir='ltr'><strong><em>ι</em></strong></span> <span class='ocrx_word' id='word_1_114' title='bbox 1280 1475 1322 1524; x_wconf 73' lang='lat' dir='ltr'>Che</span> 
     </span>
     <span class='ocr_line' id='line_1_14' title="bbox 374 1546 1322 1618; baseline -0.004 -18"><span class='ocrx_word' id='word_1_115' title='bbox 374 1548 413 1618; x_wconf 84' lang='lat' dir='ltr'>[si</span> <span class='ocrx_word' id='word_1_116' title='bbox 426 1559 518 1616; x_wconf 85' lang='lat' dir='ltr'>poteva</span> <span class='ocrx_word' id='word_1_117' title='bbox 528 1551 605 1601; x_wconf 83' lang='lat' dir='ltr'>citare</span> <span class='ocrx_word' id='word_1_118' title='bbox 615 1553 702 1610; x_wconf 78' lang='lat' dir='ltr'>anche,</span> <span class='ocrx_word' id='word_1_119' title='bbox 711 1552 752 1602; x_wconf 85' lang='lat' dir='ltr'>dei</span> <span class='ocrx_word' id='word_1_120' title='bbox 762 1552 832 1616; x_wconf 90' lang='lat' dir='ltr'>poeti</span> <span class='ocrx_word' id='word_1_121' title='bbox 886 1553 974 1600; x_wconf 76' lang='lat' dir='ltr'>cos’e?</span> <span class='ocrx_word' id='word_1_122' title='bbox 996 1570 1018 1600; x_wconf 73' lang='grc' dir='ltr'>ι.</span> <span class='ocrx_word' id='word_1_123' title='bbox 1049 1551 1198 1600; x_wconf 86' lang='lat' dir='ltr'>Dobbiamo</span> <span class='ocrx_word' id='word_1_124' title='bbox 1223 1546 1322 1610; x_wconf 78' lang='lat' dir='ltr'>imnegi-</span> 
     </span>
     <span class='ocr_line' id='line_1_15' title="bbox 373 1620 1322 1688; baseline -0.004 -18"><span class='ocrx_word' id='word_1_125' title='bbox 373 1621 518 1688; x_wconf 83' lang='lat' dir='ltr'>posteriori,</span> <span class='ocrx_word' id='word_1_126' title='bbox 532 1622 604 1687; x_wconf 83' lang='lat' dir='ltr'>Virg.</span> <span class='ocrx_word' id='word_1_127' title='bbox 621 1624 686 1673; x_wconf 86' lang='lat' dir='ltr'>Buc.</span> <span class='ocrx_word' id='word_1_128' title='bbox 706 1636 730 1687; x_wconf 83' lang='lat'>3,</span> <span class='ocrx_word' id='word_1_129' title='bbox 752 1632 785 1688; x_wconf 85' lang='lat'>52</span> <span class='ocrx_word' id='word_1_130' title='bbox 803 1624 832 1671; x_wconf 83' lang='lat' dir='ltr'>in</span> <span class='ocrx_word' id='word_1_131' title='bbox 886 1638 947 1672; x_wconf 83' lang='lat' dir='ltr'>nare</span> <span class='ocrx_word' id='word_1_132' title='bbox 966 1623 1012 1672; x_wconf 85' lang='lat' dir='ltr'>che</span> <span class='ocrx_word' id='word_1_133' title='bbox 1037 1622 1150 1671; x_wconf 88' lang='lat' dir='ltr'>Micione</span> <span class='ocrx_word' id='word_1_134' title='bbox 1174 1620 1239 1676; x_wconf 79' lang='lat' dir='ltr'>dion¹</span> <span class='ocrx_word' id='word_1_135' title='bbox 1250 1623 1322 1684; x_wconf 79' lang='lat' dir='ltr'>queste</span> 
     </span>
     <span class='ocr_line' id='line_1_16' title="bbox 377 1691 1322 1760; baseline -0.005 -18"><span class='ocrx_word' id='word_1_136' title='bbox 377 1708 507 1742; x_wconf 84' lang='lat' dir='ltr'>memora</span> <span class='ocrx_word' id='word_1_137' title='bbox 526 1710 579 1741; x_wconf 83' lang='lat' dir='ltr'>mm</span> <span class='ocrx_word' id='word_1_138' title='bbox 598 1695 739 1752; x_wconf 80' lang='lat' dir='ltr'>eritulla,·</span> <span class='ocrx_word' id='word_1_139' title='bbox 757 1694 831 1745; x_wconf 83' lang='lat' dir='ltr'>Ovid.</span> <span class='ocrx_word' id='word_1_140' title='bbox 886 1693 974 1760; x_wconf 84' lang='lat' dir='ltr'>parole</span> <span class='ocrx_word' id='word_1_141' title='bbox 1002 1708 1051 1741; x_wconf 91' lang='lat' dir='ltr'>con</span> <span class='ocrx_word' id='word_1_142' title='bbox 1079 1693 1175 1756; x_wconf 82' lang='lat' dir='ltr'>grande</span> <span class='ocrx_word' id='word_1_143' title='bbox 1207 1691 1289 1752; x_wconf 81' lang='lat' dir='ltr'>calma,</span> <span class='ocrx_word' id='word_1_144' title='bbox 1311 1702 1322 1736; x_wconf 86' lang='lat' dir='ltr'>e</span> 
     </span>
     <span class='ocr_line' id='line_1_17' title="bbox 373 1761 1322 1830; baseline -0.003 -19"><span class='ocrx_word' id='word_1_145' title='bbox 373 1763 440 1814; x_wconf 83' lang='lat' dir='ltr'>Met.</span> <span class='ocrx_word' id='word_1_146' title='bbox 462 1775 500 1821; x_wconf 78' lang='grc' dir='ltr'>ιι,</span> <span class='ocrx_word' id='word_1_147' title='bbox 523 1764 573 1812; x_wconf 79' lang='lat'>160</span> <span class='ocrx_word' id='word_1_148' title='bbox 588 1761 636 1830; x_wconf 85' lang='lat' dir='ltr'>sg.]</span> <span class='ocrx_word' id='word_1_149' title='bbox 653 1764 709 1814; x_wconf 79' lang='lat' dir='ltr'>Una</span> <span class='ocrx_word' id='word_1_150' title='bbox 722 1763 833 1814; x_wconf 85' lang='lat' dir='ltr'>seconda</span> <span class='ocrx_word' id='word_1_151' title='bbox 886 1780 988 1829; x_wconf 87' lang='lat' dir='ltr'>sempre</span> <span class='ocrx_word' id='word_1_152' title='bbox 1007 1779 1056 1813; x_wconf 89' lang='lat' dir='ltr'>con</span> <span class='ocrx_word' id='word_1_153' title='bbox 1075 1764 1094 1812; x_wconf 86' lang='lat' dir='ltr'>il</span> <span class='ocrx_word' id='word_1_154' title='bbox 1108 1779 1156 1813; x_wconf 92' lang='lat' dir='ltr'>suo</span> <span class='ocrx_word' id='word_1_155' title='bbox 1175 1762 1231 1812; x_wconf 78' lang='lat' dir='ltr'>iare</span> <span class='ocrx_word' id='word_1_156' title='bbox 1247 1761 1271 1809; x_wconf 89' lang='lat' dir='ltr'>di</span> <span class='ocrx_word' id='word_1_157' title='bbox 1287 1774 1322 1808; x_wconf 83' lang='lat' dir='ltr'>no·</span> 
     </span>
     <span class='ocr_line' id='line_1_18' title="bbox 377 1830 1322 1900; baseline -0.003 -17"><span class='ocrx_word' id='word_1_158' title='bbox 377 1833 510 1883; x_wconf 86' lang='lat' dir='ltr'>locnzione</span> <span class='ocrx_word' id='word_1_159' title='bbox 539 1830 553 1883; x_wconf 76' lang='grc' dir='ltr'>ὲ</span> <span class='ocrx_word' id='word_1_160' title='bbox 584 1837 671 1885; x_wconf 84' lang='lat' dir='ltr'><em>Andr.</em></span> <span class='ocrx_word' id='word_1_161' title='bbox 703 1846 754 1900; x_wconf 78' lang='lat'>593</span> <span class='ocrx_word' id='word_1_162' title='bbox 783 1843 833 1899; x_wconf 78' lang='lat' dir='ltr'>per</span> <span class='ocrx_word' id='word_1_163' title='bbox 886 1850 930 1884; x_wconf 89' lang='lat' dir='ltr'>mo</span> <span class='ocrx_word' id='word_1_164' title='bbox 948 1835 1063 1884; x_wconf 82' lang='lat' dir='ltr'>bonario.</span> <span class='ocrx_word' id='word_1_165' title='bbox 1085 1862 1116 1870; x_wconf 89' lang='lat'><em>-</em></span> <span class='ocrx_word' id='word_1_166' title='bbox 1137 1836 1205 1884; x_wconf 80' lang='lat' dir='ltr'>Fero</span> <span class='ocrx_word' id='word_1_167' title='bbox 1221 1830 1322 1895; x_wconf 67' lang='lat' dir='ltr'>alnflo</span> 
     </span>
     <span class='ocr_line' id='line_1_19' title="bbox 372 1900 1323 1971; baseline -0.004 -19"><span class='ocrx_word' id='word_1_168' title='bbox 372 1905 446 1953; x_wconf 77' lang='lat' dir='ltr'>hunc</span> <span class='ocrx_word' id='word_1_169' title='bbox 476 1906 579 1954; x_wconf 85' lang='lat' dir='ltr'><em>nullast</em></span> <span class='ocrx_word' id='word_1_170' title='bbox 604 1922 685 1965; x_wconf 82' lang='lat' dir='ltr'>mora,</span> <span class='ocrx_word' id='word_1_171' title='bbox 718 1907 750 1956; x_wconf 89' lang='lat' dir='ltr'>ed</span> <span class='ocrx_word' id='word_1_172' title='bbox 781 1922 833 1955; x_wconf 82' lang='lat' dir='ltr'>nna</span> <span class='ocrx_word' id='word_1_173' title='bbox 883 1906 950 1970; x_wconf 80' lang='lat' dir='ltr'>gitia</span> <span class='ocrx_word' id='word_1_174' title='bbox 968 1907 1006 1954; x_wconf 86' lang='lat' dir='ltr'>ad</span> <span class='ocrx_word' id='word_1_175' title='bbox 1021 1915 1044 1955; x_wconf 81' lang='lat' dir='ltr'>te</span> <span class='ocrx_word' id='word_1_176' title='bbox 1062 1907 1186 1971; x_wconf 77' lang='lat' dir='ltr'>ingentr&#39;a.</span> <span class='ocrx_word' id='word_1_177' title='bbox 1206 1905 1234 1956; x_wconf 90' lang='lat' dir='ltr'>Si</span> <span class='ocrx_word' id='word_1_178' title='bbox 1248 1900 1323 1951; x_wconf 76' lang='lat' dir='ltr'>notilr</span> 
     </span>
     <span class='ocr_line' id='line_1_20' title="bbox 372 1973 1323 2041; baseline -0.005 -17"><span class='ocrx_word' id='word_1_179' title='bbox 372 1981 444 2025; x_wconf 75' lang='lat' dir='ltr'>terra</span> <span class='ocrx_word' id='word_1_180' title='bbox 462 1978 549 2025; x_wconf 86' lang='lat' dir='ltr'><em>Andr.</em></span> <span class='ocrx_word' id='word_1_181' title='bbox 569 1989 622 2037; x_wconf 86' lang='lat'>424</span> <span class='ocrx_word' id='word_1_182' title='bbox 641 1980 714 2027; x_wconf 78' lang='lat' dir='ltr'>nein</span> <span class='ocrx_word' id='word_1_183' title='bbox 733 1993 832 2027; x_wconf 85' lang='lat' dir='ltr'>mora...</span> <span class='ocrx_word' id='word_1_184' title='bbox 887 1976 998 2026; x_wconf 80' lang='lat' dir='ltr'>studiata</span> <span class='ocrx_word' id='word_1_185' title='bbox 1038 1977 1171 2041; x_wconf 72' lang='lat' dir='ltr'>positione</span> <span class='ocrx_word' id='word_1_186' title='bbox 1212 1975 1238 2023; x_wconf 90' lang='lat' dir='ltr'>di</span> <span class='ocrx_word' id='word_1_187' title='bbox 1270 1973 1323 2021; x_wconf 77' lang='lat' dir='ltr'>Fero</span> 
     </span>
     <span class='ocr_line' id='line_1_21' title="bbox 373 2042 1323 2111; baseline -0.005 -16"><span class='ocrx_word' id='word_1_188' title='bbox 373 2047 432 2102; x_wconf 79' lang='lat' dir='ltr'>sies,</span> <span class='ocrx_word' id='word_1_189' title='bbox 446 2045 514 2108; x_wconf 87' lang='lat'>467;</span> <span class='ocrx_word' id='word_1_190' title='bbox 532 2047 615 2097; x_wconf 78' lang='lat' dir='ltr'>Plaut.</span> <span class='ocrx_word' id='word_1_191' title='bbox 630 2048 707 2098; x_wconf 80' lang='lat' dir='ltr'>Trin.</span> <span class='ocrx_word' id='word_1_192' title='bbox 726 2060 775 2111; x_wconf 82' lang='lat'>277</span> <span class='ocrx_word' id='word_1_193' title='bbox 791 2064 833 2097; x_wconf 84' lang='lat' dir='ltr'>ne·</span> <span class='ocrx_word' id='word_1_194' title='bbox 887 2044 954 2111; x_wconf 70' lang='lat' dir='ltr'>(cioe</span> <span class='ocrx_word' id='word_1_195' title='bbox 972 2048 1060 2111; x_wconf 84' lang='lat' dir='ltr'>affero,</span> <span class='ocrx_word' id='word_1_196' title='bbox 1080 2042 1186 2111; x_wconf 83' lang='lat' dir='ltr'>nuntio)</span> <span class='ocrx_word' id='word_1_197' title='bbox 1208 2062 1222 2096; x_wconf 90' lang='lat' dir='ltr'>e</span> <span class='ocrx_word' id='word_1_198' title='bbox 1247 2044 1271 2093; x_wconf 92' lang='lat' dir='ltr'>di</span> <span class='ocrx_word' id='word_1_199' title='bbox 1293 2043 1323 2091; x_wconf 78' lang='lat' dir='ltr'>in·</span> 
     </span>
     <span class='ocr_line' id='line_1_22' title="bbox 373 2112 1323 2184; baseline -0.002 -19"><span class='ocrx_word' id='word_1_200' title='bbox 373 2133 426 2181; x_wconf 84' lang='lat' dir='ltr'>que</span> <span class='ocrx_word' id='word_1_201' title='bbox 450 2118 497 2166; x_wconf 81' lang='lat' dir='ltr'>tibi</span> <span class='ocrx_word' id='word_1_202' title='bbox 519 2134 562 2166; x_wconf 83' lang='lat' dir='ltr'>ero</span> <span class='ocrx_word' id='word_1_203' title='bbox 586 2120 615 2167; x_wconf 82' lang='lat' dir='ltr'>in</span> <span class='ocrx_word' id='word_1_204' title='bbox 634 2135 725 2177; x_wconf 83' lang='lat' dir='ltr'>mora,·</span> <span class='ocrx_word' id='word_1_205' title='bbox 750 2120 832 2169; x_wconf 86' lang='lat' dir='ltr'>tutt&#39;e</span> <span class='ocrx_word' id='word_1_206' title='bbox 884 2119 980 2184; x_wconf 77' lang='lat' dir='ltr'>gentio.</span> <span class='ocrx_word' id='word_1_207' title='bbox 1000 2119 1099 2167; x_wconf 89' lang='lat' dir='ltr'>Demea</span> <span class='ocrx_word' id='word_1_208' title='bbox 1119 2117 1245 2167; x_wconf 87' lang='lat' dir='ltr'>esordisce</span> <span class='ocrx_word' id='word_1_209' title='bbox 1258 2112 1323 2163; x_wconf 77' lang='lat' dir='ltr'>molto</span> 
     </span>
     <span class='ocr_line' id='line_1_23' title="bbox 375 2187 1322 2255; baseline -0.003 -18"><span class='ocrx_word' id='word_1_210' title='bbox 375 2194 415 2238; x_wconf 90' lang='lat' dir='ltr'>tre</span> <span class='ocrx_word' id='word_1_211' title='bbox 442 2187 467 2238; x_wconf 87' lang='lat' dir='ltr'>le</span> <span class='ocrx_word' id='word_1_212' title='bbox 493 2187 619 2237; x_wconf 86' lang='lat' dir='ltr'>locuzioni</span> <span class='ocrx_word' id='word_1_213' title='bbox 644 2205 694 2238; x_wconf 91' lang='lat' dir='ltr'>con</span> <span class='ocrx_word' id='word_1_214' title='bbox 722 2206 833 2240; x_wconf 81' lang='lat' dir='ltr'>nessuna</span> <span class='ocrx_word' id='word_1_215' title='bbox 886 2190 955 2238; x_wconf 90' lang='lat' dir='ltr'>bene</span> <span class='ocrx_word' id='word_1_216' title='bbox 980 2189 1007 2238; x_wconf 90' lang='lat' dir='ltr'>in</span> <span class='ocrx_word' id='word_1_217' title='bbox 1032 2197 1124 2255; x_wconf 89' lang='lat' dir='ltr'>questo</span> <span class='ocrx_word' id='word_1_218' title='bbox 1150 2188 1260 2237; x_wconf 87' lang='lat' dir='ltr'>secondo</span> <span class='ocrx_word' id='word_1_219' title='bbox 1281 2191 1322 2234; x_wconf 82' lang='lat' dir='ltr'>atto</span> 
     </span>
     <span class='ocr_line' id='line_1_24' title="bbox 371 2256 1323 2324; baseline -0.003 -18"><span class='ocrx_word' id='word_1_220' title='bbox 371 2258 513 2309; x_wconf 84' lang='lat' dir='ltr'>differenza</span> <span class='ocrx_word' id='word_1_221' title='bbox 529 2260 554 2308; x_wconf 94' lang='lat' dir='ltr'>di</span> <span class='ocrx_word' id='word_1_222' title='bbox 575 2258 728 2324; x_wconf 83' lang='lat' dir='ltr'>significato.</span> <span class='ocrx_word' id='word_1_223' title='bbox 887 2260 914 2308; x_wconf 94' lang='lat' dir='ltr'>di</span> <span class='ocrx_word' id='word_1_224' title='bbox 938 2262 1045 2309; x_wconf 77' lang='lat' dir='ltr'>accusat</span> <span class='ocrx_word' id='word_1_225' title='bbox 1071 2260 1120 2309; x_wconf 89' lang='lat' dir='ltr'>Per</span> <span class='ocrx_word' id='word_1_226' title='bbox 1149 2259 1167 2308; x_wconf 86' lang='lat' dir='ltr'>il</span> <span class='ocrx_word' id='word_1_227' title='bbox 1196 2256 1323 2323; x_wconf 83' lang='lat' dir='ltr'>significato</span> 
     </span>
     <span class='ocr_line' id='line_1_25' title="bbox 397 2323 1324 2396; baseline -0.005 -18"><span class='ocrx_word' id='word_1_228' title='bbox 397 2340 474 2392; x_wconf 58' lang='lat' dir='ltr'>v720.</span> <span class='ocrx_word' id='word_1_229' title='bbox 500 2346 583 2379; x_wconf 78' lang='lat' dir='ltr'>eccum</span> <span class='ocrx_word' id='word_1_230' title='bbox 608 2332 714 2395; x_wconf 80' lang='lat' dir='ltr'>ipsum:</span> <span class='ocrx_word' id='word_1_231' title='bbox 740 2330 784 2381; x_wconf 82' lang='lat' dir='ltr'>cfr.</span> <span class='ocrx_word' id='word_1_232' title='bbox 808 2331 834 2380; x_wconf 82' lang='lat' dir='ltr'>la</span> <span class='ocrx_word' id='word_1_233' title='bbox 888 2330 957 2380; x_wconf 83' lang='lat' dir='ltr'>della</span> <span class='ocrx_word' id='word_1_234' title='bbox 981 2330 1069 2396; x_wconf 85' lang='lat' dir='ltr'>parola</span> <span class='ocrx_word' id='word_1_235' title='bbox 1086 2331 1222 2395; x_wconf 80' lang='lat' dir='ltr'>flagitium</span> <span class='ocrx_word' id='word_1_236' title='bbox 1245 2328 1287 2378; x_wconf 79' lang='lat' dir='ltr'>cfr.</span> <span class='ocrx_word' id='word_1_237' title='bbox 1309 2323 1324 2373; x_wconf 86' lang='grc'>11</span> 
     </span>
     <span class='ocr_line' id='line_1_26' title="bbox 374 2400 992 2453; baseline 0.003 -4"><span class='ocrx_word' id='word_1_238' title='bbox 374 2407 438 2449; x_wconf 81' lang='lat' dir='ltr'>nota</span> <span class='ocrx_word' id='word_1_239' title='bbox 456 2400 488 2449; x_wconf 88' lang='lat' dir='ltr'>ad</span> <span class='ocrx_word' id='word_1_240' title='bbox 506 2402 598 2450; x_wconf 85' lang='lat' dir='ltr'><em>Ellum</em></span> <span class='ocrx_word' id='word_1_241' title='bbox 618 2402 660 2451; x_wconf 90' lang='lat' dir='ltr'>del</span> <span class='ocrx_word' id='word_1_242' title='bbox 674 2419 696 2453; x_wconf 87' lang='lat' dir='ltr'>v.</span> <span class='ocrx_word' id='word_1_243' title='bbox 716 2402 775 2452; x_wconf 89' lang='lat'>260.</span> <span class='ocrx_word' id='word_1_244' title='bbox 795 2402 834 2451; x_wconf 87' lang='lat' dir='ltr'>La</span> <span class='ocrx_word' id='word_1_245' title='bbox 888 2419 911 2450; x_wconf 89' lang='lat' dir='ltr'>v.</span> <span class='ocrx_word' id='word_1_246' title='bbox 934 2415 992 2451; x_wconf 89' lang='lat'><em>101.</em></span> 
     </span>
    </p>
   </div>
   <div class='ocr_carea' id='block_1_6' title="bbox 371 2470 838 3671">
    <p class='ocr_par' dir='ltr' id='par_1_7' title="bbox 371 2470 838 3671">
     <span class='ocr_line' id='line_1_27' title="bbox 376 2470 834 2537; baseline 0.002 -17"><span class='ocrx_word' id='word_1_247' title='bbox 376 2470 459 2537; x_wconf 79' lang='lat' dir='ltr'>prima</span> <span class='ocrx_word' id='word_1_248' title='bbox 482 2471 574 2521; x_wconf 76' lang='lat' dir='ltr'>sillaba</span> <span class='ocrx_word' id='word_1_249' title='bbox 592 2471 618 2520; x_wconf 90' lang='lat' dir='ltr'>di</span> <span class='ocrx_word' id='word_1_250' title='bbox 643 2490 728 2522; x_wconf 82' lang='lat' dir='ltr'>eccum</span> <span class='ocrx_word' id='word_1_251' title='bbox 752 2473 834 2521; x_wconf 81' lang='lat' dir='ltr'>forma</span> 
     </span>
     <span class='ocr_line' id='line_1_28' title="bbox 373 2542 838 2608; baseline 0.009 -20"><span class='ocrx_word' id='word_1_252' title='bbox 373 2557 478 2608; x_wconf 74' lang='lat' dir='ltr'>grnppo</span> <span class='ocrx_word' id='word_1_253' title='bbox 506 2542 635 2606; x_wconf 85' lang='lat' dir='ltr'>giambico</span> <span class='ocrx_word' id='word_1_254' title='bbox 665 2560 713 2593; x_wconf 90' lang='lat' dir='ltr'>con</span> <span class='ocrx_word' id='word_1_255' title='bbox 741 2544 761 2592; x_wconf 91' lang='lat' dir='ltr'>il</span> <span class='ocrx_word' id='word_1_256' title='bbox 786 2543 838 2592; x_wconf 82' lang='lat' dir='ltr'>Sed</span> 
     </span>
     <span class='ocr_line' id='line_1_29' title="bbox 376 2613 834 2679; baseline 0.004 -18"><span class='ocrx_word' id='word_1_257' title='bbox 376 2613 539 2679; x_wconf 84' lang='lat' dir='ltr'>precedente.</span> <span class='ocrx_word' id='word_1_258' title='bbox 570 2613 596 2663; x_wconf 92' lang='lat' dir='ltr'>Si</span> <span class='ocrx_word' id='word_1_259' title='bbox 627 2616 681 2664; x_wconf 92' lang='lat' dir='ltr'>noti</span> <span class='ocrx_word' id='word_1_260' title='bbox 712 2616 760 2664; x_wconf 87' lang='lat' dir='ltr'>che</span> <span class='ocrx_word' id='word_1_261' title='bbox 791 2630 834 2663; x_wconf 82' lang='lat' dir='ltr'>nn·</span> 
     </span>
     <span class='ocr_line' id='line_1_30' title="bbox 379 2683 834 2751; baseline 0.004 -19"><span class='ocrx_word' id='word_1_262' title='bbox 379 2683 427 2733; x_wconf 87' lang='lat' dir='ltr'>che</span> <span class='ocrx_word' id='word_1_263' title='bbox 446 2683 499 2749; x_wconf 81' lang='lat' dir='ltr'>qui,</span> <span class='ocrx_word' id='word_1_264' title='bbox 519 2699 593 2734; x_wconf 82' lang='lat' dir='ltr'>corne</span> <span class='ocrx_word' id='word_1_265' title='bbox 611 2684 636 2733; x_wconf 77' lang='lat' dir='ltr'>cl</span> <span class='ocrx_word' id='word_1_266' title='bbox 649 2700 672 2736; x_wconf 82' lang='lat' dir='ltr'>v.</span> <span class='ocrx_word' id='word_1_267' title='bbox 688 2684 719 2735; x_wconf 88' lang='lat'>81</span> <span class='ocrx_word' id='word_1_268' title='bbox 741 2683 834 2751; x_wconf 75' lang='lat' dir='ltr'>(Ehem</span> 
     </span>
     <span class='ocr_line' id='line_1_31' title="bbox 371 2752 834 2819; baseline 0.002 -17"><span class='ocrx_word' id='word_1_269' title='bbox 371 2762 537 2818; x_wconf 75' lang='lat' dir='ltr'>opportune:</span> <span class='ocrx_word' id='word_1_270' title='bbox 556 2762 580 2803; x_wconf 79' lang='lat' dir='ltr'>te</span> <span class='ocrx_word' id='word_1_271' title='bbox 598 2757 682 2819; x_wconf 74' lang='lat' dir='ltr'>ipsum</span> <span class='ocrx_word' id='word_1_272' title='bbox 696 2752 834 2819; x_wconf 79' lang='lat' dir='ltr'>quaerito),</span> 
     </span>
     <span class='ocr_line' id='line_1_32' title="bbox 377 2820 835 2878; baseline 0 -4"><span class='ocrx_word' id='word_1_273' title='bbox 377 2840 431 2874; x_wconf 92' lang='lat' dir='ltr'>non</span> <span class='ocrx_word' id='word_1_274' title='bbox 451 2820 465 2873; x_wconf 77' lang='grc' dir='ltr'>ὲ</span> <span class='ocrx_word' id='word_1_275' title='bbox 484 2825 585 2876; x_wconf 84' lang='lat' dir='ltr'>casuale</span> <span class='ocrx_word' id='word_1_276' title='bbox 605 2826 629 2875; x_wconf 82' lang='lat' dir='ltr'>la</span> <span class='ocrx_word' id='word_1_277' title='bbox 648 2827 835 2878; x_wconf 82' lang='lat' dir='ltr'>dimenticnnza</span> 
     </span>
     <span class='ocr_line' id='line_1_33' title="bbox 372 2895 836 2963; baseline 0.004 -19"><span class='ocrx_word' id='word_1_278' title='bbox 372 2895 575 2945; x_wconf 79' lang='lat' dir='ltr'>dell¹ordinario</span> <span class='ocrx_word' id='word_1_279' title='bbox 599 2897 683 2946; x_wconf 83' lang='lat' dir='ltr'>saluto</span> <span class='ocrx_word' id='word_1_280' title='bbox 709 2898 742 2946; x_wconf 79' lang='lat' dir='ltr'>da</span> <span class='ocrx_word' id='word_1_281' title='bbox 764 2905 836 2963; x_wconf 82' lang='lat' dir='ltr'>parte</span> 
     </span>
     <span class='ocr_line' id='line_1_34' title="bbox 374 2966 836 3034; baseline 0.006 -19"><span class='ocrx_word' id='word_1_282' title='bbox 374 2966 404 3016; x_wconf 56' lang='lat' dir='ltr'>&gt;di</span> <span class='ocrx_word' id='word_1_283' title='bbox 431 2966 538 3017; x_wconf 81' lang='lat' dir='ltr'>Demea.</span> <span class='ocrx_word' id='word_1_284' title='bbox 563 2968 653 3017; x_wconf 85' lang='lat' dir='ltr'>Presso</span> <span class='ocrx_word' id='word_1_285' title='bbox 680 2986 695 3017; x_wconf 83' lang='lat' dir='ltr'>a</span> <span class='ocrx_word' id='word_1_286' title='bbox 720 2983 786 3034; x_wconf 91' lang='lat' dir='ltr'>poco</span> <span class='ocrx_word' id='word_1_287' title='bbox 810 2968 836 3018; x_wconf 83' lang='lat' dir='ltr'>le</span> 
     </span>
     <span class='ocr_line' id='line_1_35' title="bbox 373 3037 836 3089; baseline 0.002 -3"><span class='ocrx_word' id='word_1_288' title='bbox 373 3037 531 3087; x_wconf 86' lang='lat' dir='ltr'>circostanze</span> <span class='ocrx_word' id='word_1_289' title='bbox 555 3054 619 3087; x_wconf 88' lang='lat' dir='ltr'>sono</span> <span class='ocrx_word' id='word_1_290' title='bbox 644 3039 774 3089; x_wconf 87' lang='lat' dir='ltr'>identiehe</span> <span class='ocrx_word' id='word_1_291' title='bbox 794 3039 836 3089; x_wconf 87' lang='lat' dir='ltr'>nei</span> 
     </span>
     <span class='ocr_line' id='line_1_36' title="bbox 377 3107 832 3175; baseline 0.004 -19"><span class='ocrx_word' id='word_1_292' title='bbox 377 3108 429 3158; x_wconf 86' lang='lat' dir='ltr'>due</span> <span class='ocrx_word' id='word_1_293' title='bbox 449 3108 556 3172; x_wconf 84' lang='lat' dir='ltr'>luoghi:</span> <span class='ocrx_word' id='word_1_294' title='bbox 583 3107 676 3175; x_wconf 69' lang='lat' dir='ltr'>perche</span> <span class='ocrx_word' id='word_1_295' title='bbox 701 3110 727 3158; x_wconf 88' lang='lat' dir='ltr'>al</span> <span class='ocrx_word' id='word_1_296' title='bbox 751 3126 773 3159; x_wconf 90' lang='lat' dir='ltr'>v.</span> <span class='ocrx_word' id='word_1_297' title='bbox 802 3109 832 3158; x_wconf 88' lang='lat'>81</span> 
     </span>
     <span class='ocr_line' id='line_1_37' title="bbox 378 3179 836 3247; baseline 0.004 -20"><span class='ocrx_word' id='word_1_298' title='bbox 378 3179 486 3238; x_wconf 79' lang='lat' dir='ltr'>Demea,</span> <span class='ocrx_word' id='word_1_299' title='bbox 506 3180 549 3228; x_wconf 92' lang='lat' dir='ltr'>dio</span> <span class='ocrx_word' id='word_1_300' title='bbox 568 3195 595 3229; x_wconf 83' lang='lat' dir='ltr'>sa</span> <span class='ocrx_word' id='word_1_301' title='bbox 614 3181 641 3229; x_wconf 93' lang='lat' dir='ltr'>in</span> <span class='ocrx_word' id='word_1_302' title='bbox 660 3181 738 3247; x_wconf 82' lang='lat' dir='ltr'>quale</span> <span class='ocrx_word' id='word_1_303' title='bbox 757 3180 836 3244; x_wconf 85' lang='lat' dir='ltr'>agita·</span> 
     </span>
     <span class='ocr_line' id='line_1_38' title="bbox 378 3250 836 3314; baseline 0.007 -17"><span class='ocrx_word' id='word_1_304' title='bbox 378 3250 452 3300; x_wconf 82' lang='lat' dir='ltr'>zione</span> <span class='ocrx_word' id='word_1_305' title='bbox 471 3250 497 3299; x_wconf 93' lang='lat' dir='ltr'>di</span> <span class='ocrx_word' id='word_1_306' title='bbox 510 3250 605 3314; x_wconf 81' lang='lat' dir='ltr'>animo,</span> <span class='ocrx_word' id='word_1_307' title='bbox 625 3252 742 3301; x_wconf 84' lang='lat' dir='ltr'>incontra</span> <span class='ocrx_word' id='word_1_308' title='bbox 755 3251 774 3300; x_wconf 94' lang='lat' dir='ltr'>il</span> <span class='ocrx_word' id='word_1_309' title='bbox 787 3252 836 3300; x_wconf 82' lang='lat' dir='ltr'>sra-</span> 
     </span>
     <span class='ocr_line' id='line_1_39' title="bbox 380 3319 837 3388; baseline 0.004 -19"><span class='ocrx_word' id='word_1_310' title='bbox 380 3319 443 3370; x_wconf 86' lang='lat' dir='ltr'>tello</span> <span class='ocrx_word' id='word_1_311' title='bbox 473 3322 542 3386; x_wconf 92' lang='lat' dir='ltr'>dopo</span> <span class='ocrx_word' id='word_1_312' title='bbox 578 3338 639 3372; x_wconf 83' lang='lat' dir='ltr'>aver</span> <span class='ocrx_word' id='word_1_313' title='bbox 671 3330 763 3388; x_wconf 81' lang='lat' dir='ltr'>saputo</span> <span class='ocrx_word' id='word_1_314' title='bbox 794 3322 837 3373; x_wconf 83' lang='lat' dir='ltr'>del</span> 
     </span>
     <span class='ocr_line' id='line_1_40' title="bbox 379 3393 838 3459; baseline 0.004 -19"><span class='ocrx_word' id='word_1_315' title='bbox 379 3398 447 3441; x_wconf 76' lang='lat' dir='ltr'>tatto</span> <span class='ocrx_word' id='word_1_316' title='bbox 465 3393 534 3443; x_wconf 83' lang='lat' dir='ltr'>della</span> <span class='ocrx_word' id='word_1_317' title='bbox 558 3394 691 3446; x_wconf 81' lang='lat' dir='ltr'>meretrice</span> <span class='ocrx_word' id='word_1_318' title='bbox 714 3394 747 3442; x_wconf 86' lang='lat' dir='ltr'>da</span> <span class='ocrx_word' id='word_1_319' title='bbox 766 3400 838 3459; x_wconf 83' lang='lat' dir='ltr'>parte</span> 
     </span>
     <span class='ocr_line' id='line_1_41' title="bbox 378 3460 837 3529; baseline 0 -17"><span class='ocrx_word' id='word_1_320' title='bbox 378 3462 405 3512; x_wconf 89' lang='lat' dir='ltr'>di</span> <span class='ocrx_word' id='word_1_321' title='bbox 424 3463 544 3526; x_wconf 84' lang='lat' dir='ltr'>Eschino,</span> <span class='ocrx_word' id='word_1_322' title='bbox 570 3465 615 3529; x_wconf 87' lang='lat' dir='ltr'>qui</span> <span class='ocrx_word' id='word_1_323' title='bbox 639 3481 692 3513; x_wconf 89' lang='lat' dir='ltr'>non</span> <span class='ocrx_word' id='word_1_324' title='bbox 717 3462 773 3514; x_wconf 71' lang='lat' dir='ltr'>sard</span> <span class='ocrx_word' id='word_1_325' title='bbox 792 3460 837 3529; x_wconf 79' lang='lat' dir='ltr'>piri</span> 
     </span>
     <span class='ocr_line' id='line_1_42' title="bbox 381 3536 836 3601; baseline 0.004 -19"><span class='ocrx_word' id='word_1_326' title='bbox 381 3540 469 3583; x_wconf 85' lang='lat' dir='ltr'>tenero</span> <span class='ocrx_word' id='word_1_327' title='bbox 488 3550 538 3584; x_wconf 88' lang='lat' dir='ltr'>eon</span> <span class='ocrx_word' id='word_1_328' title='bbox 558 3536 680 3594; x_wconf 84' lang='lat' dir='ltr'>Micione,</span> <span class='ocrx_word' id='word_1_329' title='bbox 700 3537 769 3601; x_wconf 88' lang='lat' dir='ltr'>dopo</span> <span class='ocrx_word' id='word_1_330' title='bbox 782 3536 836 3594; x_wconf 83' lang='lat' dir='ltr'>che,</span> 
     </span>
     <span class='ocr_line' id='line_1_43' title="bbox 378 3605 838 3671; baseline 0.007 -19"><span class='ocrx_word' id='word_1_331' title='bbox 378 3620 425 3669; x_wconf 87' lang='lat' dir='ltr'>per</span> <span class='ocrx_word' id='word_1_332' title='bbox 444 3605 582 3656; x_wconf 88' lang='lat' dir='ltr'>l&#39;incontro</span> <span class='ocrx_word' id='word_1_333' title='bbox 601 3607 629 3655; x_wconf 87' lang='lat' dir='ltr'>di</span> <span class='ocrx_word' id='word_1_334' title='bbox 650 3607 759 3671; x_wconf 85' lang='lat' dir='ltr'>Egione,</span> <span class='ocrx_word' id='word_1_335' title='bbox 786 3605 838 3671; x_wconf 82' lang='lat' dir='ltr'>egli</span> 
     </span>
    </p>
   </div>
   <div class='ocr_carea' id='block_1_7' title="bbox 887 2469 1378 3672">
    <p class='ocr_par' dir='ltr' id='par_1_8' title="bbox 887 2469 1327 2963">
     <span class='ocr_line' id='line_1_44' title="bbox 925 2469 1326 2534; baseline -0.015 -14"><span class='ocrx_word' id='word_1_336' title='bbox 925 2483 985 2534; x_wconf 85' lang='lat'>722.</span> <span class='ocrx_word' id='word_1_337' title='bbox 995 2472 1066 2520; x_wconf 81' lang='lat' dir='ltr'>Boni</span> <span class='ocrx_word' id='word_1_338' title='bbox 1074 2471 1147 2520; x_wconf 77' lang='lat' dir='ltr'>illius</span> <span class='ocrx_word' id='word_1_339' title='bbox 1157 2469 1326 2521; x_wconf 69' lang='lat' dir='ltr'>adulescentis:</span> 
     </span>
     <span class='ocr_line' id='line_1_45' title="bbox 888 2541 1326 2605; baseline -0.014 -13"><span class='ocrx_word' id='word_1_340' title='bbox 888 2543 1004 2604; x_wconf 88' lang='lat' dir='ltr'>ironico;</span> <span class='ocrx_word' id='word_1_341' title='bbox 1023 2543 1069 2592; x_wconf 80' lang='lat' dir='ltr'>cfr.</span> <span class='ocrx_word' id='word_1_342' title='bbox 1088 2558 1112 2592; x_wconf 83' lang='lat' dir='ltr'>v.</span> <span class='ocrx_word' id='word_1_343' title='bbox 1131 2543 1194 2605; x_wconf 90' lang='lat'><strong>476.</strong></span> <span class='ocrx_word' id='word_1_344' title='bbox 1209 2568 1241 2578; x_wconf 93' lang='lat'>-</span> <span class='ocrx_word' id='word_1_345' title='bbox 1256 2541 1326 2589; x_wconf 77' lang='lat' dir='ltr'>illius:</span> 
     </span>
     <span class='ocr_line' id='line_1_46' title="bbox 888 2610 1326 2679; baseline -0.011 -17"><span class='ocrx_word' id='word_1_346' title='bbox 888 2614 951 2679; x_wconf 89' lang='lat' dir='ltr'>puoi</span> <span class='ocrx_word' id='word_1_347' title='bbox 970 2613 1104 2663; x_wconf 80' lang='lat' dir='ltr'>misumrlo</span> <span class='ocrx_word' id='word_1_348' title='bbox 1127 2629 1202 2664; x_wconf 89' lang='lat' dir='ltr'>come</span> <span class='ocrx_word' id='word_1_349' title='bbox 1223 2610 1326 2662; x_wconf 76' lang='lat' dir='ltr'>bisillebo</span> 
     </span>
     <span class='ocr_line' id='line_1_47' title="bbox 887 2681 1327 2750; baseline -0.007 -17"><span class='ocrx_word' id='word_1_350' title='bbox 887 2685 945 2740; x_wconf 83' lang='lat' dir='ltr'>(cir.</span> <span class='ocrx_word' id='word_1_351' title='bbox 965 2700 988 2735; x_wconf 86' lang='lat' dir='ltr'>v.</span> <span class='ocrx_word' id='word_1_352' title='bbox 1009 2682 1081 2749; x_wconf 83' lang='lat'>261),</span> <span class='ocrx_word' id='word_1_353' title='bbox 1105 2700 1121 2733; x_wconf 95' lang='lat' dir='ltr'>o</span> <span class='ocrx_word' id='word_1_354' title='bbox 1140 2701 1205 2750; x_wconf 91' lang='lat' dir='ltr'>pure</span> <span class='ocrx_word' id='word_1_355' title='bbox 1228 2681 1327 2734; x_wconf 74' lang='lat' dir='ltr'>conside</span> 
     </span>
     <span class='ocr_line' id='line_1_48' title="bbox 888 2750 1326 2805; baseline -0.007 -2"><span class='ocrx_word' id='word_1_356' title='bbox 888 2771 962 2805; x_wconf 83' lang='lat' dir='ltr'>rame</span> <span class='ocrx_word' id='word_1_357' title='bbox 979 2755 1056 2805; x_wconf 88' lang='lat' dir='ltr'>breve</span> <span class='ocrx_word' id='word_1_358' title='bbox 1076 2756 1101 2804; x_wconf 85' lang='lat' dir='ltr'>la</span> <span class='ocrx_word' id='word_1_359' title='bbox 1126 2756 1221 2804; x_wconf 83' lang='lat' dir='ltr'>sillaba</span> <span class='ocrx_word' id='word_1_360' title='bbox 1243 2750 1326 2804; x_wconf 86' lang='lat' dir='ltr'>inizinlc</span> 
     </span>
     <span class='ocr_line' id='line_1_49' title="bbox 888 2824 1327 2891; baseline -0.011 -17"><span class='ocrx_word' id='word_1_361' title='bbox 888 2824 946 2890; x_wconf 85' lang='lat' dir='ltr'>(cit.</span> <span class='ocrx_word' id='word_1_362' title='bbox 971 2841 993 2876; x_wconf 82' lang='lat' dir='ltr'>v.</span> <span class='ocrx_word' id='word_1_363' title='bbox 1015 2824 1068 2891; x_wconf 85' lang='lat'><em>72).</em></span> <span class='ocrx_word' id='word_1_364' title='bbox 1093 2854 1125 2862; x_wconf 94' lang='lat'>-</span> <span class='ocrx_word' id='word_1_365' title='bbox 1152 2828 1219 2877; x_wconf 81' lang='lat' dir='ltr'>Ecce</span> <span class='ocrx_word' id='word_1_366' title='bbox 1239 2824 1327 2873; x_wconf 78' lang='lat' dir='ltr'>auten!</span> 
     </span>
     <span class='ocr_line' id='line_1_50' title="bbox 888 2897 1282 2963; baseline -0.003 -17"><span class='ocrx_word' id='word_1_367' title='bbox 888 2898 1007 2962; x_wconf 89' lang='lat' dir='ltr'>Esprime</span> <span class='ocrx_word' id='word_1_368' title='bbox 1026 2897 1108 2945; x_wconf 84' lang='lat' dir='ltr'>ironia</span> <span class='ocrx_word' id='word_1_369' title='bbox 1127 2914 1141 2947; x_wconf 90' lang='lat' dir='ltr'>e</span> <span class='ocrx_word' id='word_1_370' title='bbox 1161 2913 1282 2963; x_wconf 78' lang='lat' dir='ltr'>sorpresn.</span> 
     </span>
    </p>

    <p class='ocr_par' dir='ltr' id='par_1_9' title="bbox 889 2964 1378 3672">
     <span class='ocr_line' id='line_1_51' title="bbox 926 2964 1329 3032; baseline -0.005 -15"><span class='ocrx_word' id='word_1_371' title='bbox 926 2978 1051 3032; x_wconf 82' lang='lat'><strong>722·723.</strong></span> <span class='ocrx_word' id='word_1_372' title='bbox 1082 2968 1173 3026; x_wconf 80' lang='lat' dir='ltr'><em>Noua,</em></span> <span class='ocrx_word' id='word_1_373' title='bbox 1208 2964 1329 3031; x_wconf 66' lang='lat' dir='ltr'>capitolo,</span> 
     </span>
     <span class='ocr_line' id='line_1_52' title="bbox 889 3036 1329 3103; baseline -0.011 -15"><span class='ocrx_word' id='word_1_374' title='bbox 889 3039 1006 3097; x_wconf 85' lang='lat' dir='ltr'>inauditi,</span> <span class='ocrx_word' id='word_1_375' title='bbox 1030 3038 1245 3103; x_wconf 76' lang='lat' dir='ltr'>raccapriccinnti</span> <span class='ocrx_word' id='word_1_376' title='bbox 1268 3036 1329 3085; x_wconf 86' lang='lat' dir='ltr'>S&#39;in·</span> 
     </span>
     <span class='ocr_line' id='line_1_53' title="bbox 890 3102 1378 3175; baseline -0.012 -15"><span class='ocrx_word' id='word_1_377' title='bbox 890 3111 967 3160; x_wconf 87' lang='lat' dir='ltr'>tende</span> <span class='ocrx_word' id='word_1_378' title='bbox 985 3111 1032 3161; x_wconf 87' lang='lat' dir='ltr'>che</span> <span class='ocrx_word' id='word_1_379' title='bbox 1050 3126 1086 3159; x_wconf 89' lang='lat' dir='ltr'>un</span> <span class='ocrx_word' id='word_1_380' title='bbox 1105 3111 1146 3175; x_wconf 91' lang='lat' dir='ltr'>po&#39;</span> <span class='ocrx_word' id='word_1_381' title='bbox 1168 3110 1188 3159; x_wconf 91' lang='lat' dir='ltr'>il</span> <span class='ocrx_word' id='word_1_382' title='bbox 1200 3102 1328 3158; x_wconf 88' lang='lat' dir='ltr'>metododi</span> <span class='ocrx_word' id='word_1_383' title='bbox 1377 3157 1378 3164; x_wconf 17' lang='grc'>4</span> 
     </span>
     <span class='ocr_line' id='line_1_54' title="bbox 890 3179 1378 3240; baseline -0.016 -9"><span class='ocrx_word' id='word_1_384' title='bbox 890 3181 1045 3231; x_wconf 86' lang='lat' dir='ltr'>educazione</span> <span class='ocrx_word' id='word_1_385' title='bbox 1068 3181 1094 3228; x_wconf 90' lang='lat' dir='ltr'>di</span> <span class='ocrx_word' id='word_1_386' title='bbox 1119 3181 1228 3240; x_wconf 77' lang='lat' dir='ltr'>Demea,</span> <span class='ocrx_word' id='word_1_387' title='bbox 1252 3179 1283 3228; x_wconf 88' lang='lat' dir='ltr'>ed</span> <span class='ocrx_word' id='word_1_388' title='bbox 1303 3188 1329 3223; x_wconf 84' lang='lat' dir='ltr'>nn</span> <span class='ocrx_word' id='word_1_389' title='bbox 1377 3183 1378 3196; x_wconf 66' lang='lat'>¹</span> 
     </span>
     <span class='ocr_line' id='line_1_55' title="bbox 890 3251 1328 3317; baseline -0.011 -17"><span class='ocrx_word' id='word_1_390' title='bbox 890 3254 932 3317; x_wconf 88' lang='lat' dir='ltr'>po’</span> <span class='ocrx_word' id='word_1_391' title='bbox 953 3252 972 3299; x_wconf 91' lang='lat' dir='ltr'>il</span> <span class='ocrx_word' id='word_1_392' title='bbox 994 3259 1112 3316; x_wconf 84' lang='lat' dir='ltr'>presente</span> <span class='ocrx_word' id='word_1_393' title='bbox 1137 3259 1203 3301; x_wconf 84' lang='lat' dir='ltr'>stato</span> <span class='ocrx_word' id='word_1_394' title='bbox 1224 3251 1328 3298; x_wconf 80' lang='lat' dir='ltr'>d’anino</span> 
     </span>
     <span class='ocr_line' id='line_1_56' title="bbox 890 3321 1378 3385; baseline -0.008 -14"><span class='ocrx_word' id='word_1_395' title='bbox 890 3322 917 3371; x_wconf 95' lang='lat' dir='ltr'>di</span> <span class='ocrx_word' id='word_1_396' title='bbox 944 3322 981 3371; x_wconf 87' lang='lat' dir='ltr'>lui</span> <span class='ocrx_word' id='word_1_397' title='bbox 1006 3338 1059 3371; x_wconf 90' lang='lat' dir='ltr'>non</span> <span class='ocrx_word' id='word_1_398' title='bbox 1085 3322 1121 3385; x_wconf 82' lang='lat' dir='ltr'>gli</span> <span class='ocrx_word' id='word_1_399' title='bbox 1147 3322 1226 3370; x_wconf 78' lang='lat' dir='ltr'>fanno</span> <span class='ocrx_word' id='word_1_400' title='bbox 1253 3321 1329 3369; x_wconf 80' lang='lat' dir='ltr'>vedere</span> <span class='ocrx_word' id='word_1_401' title='bbox 1377 3335 1378 3367; x_wconf 70' lang='lat' dir='ltr'>t</span> 
     </span>
     <span class='ocr_line' id='line_1_57' title="bbox 890 3387 1329 3457; baseline -0.014 -14"><span class='ocrx_word' id='word_1_402' title='bbox 890 3394 908 3443; x_wconf 84' lang='lat'>1’</span> <span class='ocrx_word' id='word_1_403' title='bbox 915 3395 1093 3457; x_wconf 83' lang='lat' dir='ltr'>esagerazione</span> <span class='ocrx_word' id='word_1_404' title='bbox 1106 3393 1153 3442; x_wconf 91' lang='lat' dir='ltr'>che</span> <span class='ocrx_word' id='word_1_405' title='bbox 1173 3393 1197 3440; x_wconf 88' lang='lat' dir='ltr'>vi</span> <span class='ocrx_word' id='word_1_406' title='bbox 1216 3387 1231 3440; x_wconf 78' lang='grc' dir='ltr'>ὲ</span> <span class='ocrx_word' id='word_1_407' title='bbox 1243 3392 1329 3455; x_wconf 83' lang='lat' dir='ltr'>inque</span> 
     </span>
     <span class='ocr_line' id='line_1_58' title="bbox 891 3456 1331 3528; baseline -0.016 -15"><span class='ocrx_word' id='word_1_408' title='bbox 891 3472 930 3513; x_wconf 88' lang='lat' dir='ltr'>ste</span> <span class='ocrx_word' id='word_1_409' title='bbox 948 3465 1045 3528; x_wconf 83' lang='lat' dir='ltr'>parole.</span> <span class='ocrx_word' id='word_1_410' title='bbox 1071 3466 1101 3513; x_wconf 84' lang='lat' dir='ltr'>In</span> <span class='ocrx_word' id='word_1_411' title='bbox 1124 3463 1180 3512; x_wconf 81' lang='lat' dir='ltr'>satri</span> <span class='ocrx_word' id='word_1_412' title='bbox 1205 3456 1331 3526; x_wconf 76' lang='lat' dir='ltr'>capitalsi</span> 
     </span>
     <span class='ocr_line' id='line_1_59' title="bbox 892 3530 1378 3600; baseline -0.01 -17"><span class='ocrx_word' id='word_1_413' title='bbox 892 3536 948 3584; x_wconf 90' lang='lat' dir='ltr'>dice</span> <span class='ocrx_word' id='word_1_414' title='bbox 968 3550 1003 3583; x_wconf 91' lang='lat' dir='ltr'>un</span> <span class='ocrx_word' id='word_1_415' title='bbox 1022 3555 1033 3578; x_wconf 78' lang='grc' dir='ltr'>ι</span> <span class='ocrx_word' id='word_1_416' title='bbox 1052 3535 1158 3593; x_wconf 77' lang='lat' dir='ltr'>facinus,</span> <span class='ocrx_word' id='word_1_417' title='bbox 1172 3535 1242 3600; x_wconf 90' lang='lat' dir='ltr'>quod</span> <span class='ocrx_word' id='word_1_418' title='bbox 1253 3530 1332 3596; x_wconf 78' lang='lat' dir='ltr'>capitis</span> <span class='ocrx_word' id='word_1_419' title='bbox 1377 3551 1378 3594; x_wconf 70' lang='lat' dir='ltr'><strong>j</strong></span> 
     </span>
     <span class='ocr_line' id='line_1_60' title="bbox 892 3597 1331 3672; baseline -0.007 -17"><span class='ocrx_word' id='word_1_420' title='bbox 892 3622 976 3672; x_wconf 80' lang='lat' dir='ltr'>poena</span> <span class='ocrx_word' id='word_1_421' title='bbox 984 3605 1066 3655; x_wconf 89' lang='lat' dir='ltr'>luitur</span> <span class='ocrx_word' id='word_1_422' title='bbox 1075 3623 1088 3650; x_wconf 74' lang='grc' dir='ltr'><strong><em>ι</em></strong></span> <span class='ocrx_word' id='word_1_423' title='bbox 1099 3603 1194 3672; x_wconf 85' lang='lat' dir='ltr'>(Festo,</span> <span class='ocrx_word' id='word_1_424' title='bbox 1204 3622 1231 3670; x_wconf 87' lang='lat' dir='ltr'>p.</span> <span class='ocrx_word' id='word_1_425' title='bbox 1240 3597 1331 3666; x_wconf 73' lang='grc'>4811).</span> 
     </span>
    </p>
   </div>
   <div class='ocr_carea' id='block_1_8' title="bbox 0 0 1443 4259">
    <p class='ocr_par' dir='ltr' id='par_1_10' title="bbox 0 0 1443 4259">
     <span class='ocr_line' id='line_1_61' title="bbox 0 0 1443 4259; baseline 0 0"><span class='ocrx_word' id='word_1_426' title='bbox 0 0 1443 4259; x_wconf 95' lang='lat' dir='ltr'> </span> 
     </span>
    </p>
   </div>
  </div>
 </body>
</html>
