2850 4259
543 290 708 334 anatrfloe
784 344 786 348 .

1045 290 1103 352 125

144 421 209 481 SY.
240 418 383 477 Laddas?
430 401 471 477 ne
500 416 551 477 ille
581 417 748 478 continebit
777 419 911 495 posthac,
944 416 968 477 si
999 417 1103 494 sapiet,

460 525 575 566 mallus.

1043 510 1104 583 5⁶5

146 598 214 656 DE.
237 594 374 655 Fortiter.
423 597 482 654 SY.
513 598 671 672 Perquam,
696 595 766 672 quia
788 594 925 654 miseram
948 595 1124 684 miilierem,

39 738 41 761 ἶ
462 694 492 742 et
514 704 562 743 me
585 687 744 758 seruolum,

143 773 210 848 Qui
232 770 352 832 referire
375 780 438 831 non
458 774 615 844 audebam,
643 773 734 835 uicit:
774 772 835 846 hui,
860 774 1048 851 perfortiterl

39 862 40 881 .
147 863 213 921 DE.
239 863 309 920 Non
332 859 429 938 potuit
451 861 566 922 melids.
605 862 685 922 idem
701 863 784 939 quod
804 881 860 939 ego
879 862 978 937 sensit,
995 874 1025 922 te
1040 881 1105 921 esse

461 949 531 1010 huic
552 959 596 1010 ret
618 962 717 1029 caput.
948 1020 959 1041 Ι
1045 945 1046 948 “
1120 1011 1124 1017 .

144 1041 208 1099 566
231 1041 316 1098 ἔειιιε
331 1039 421 1097 frater
436 1041 533 1120 totus?
579 1043 638 1100 SY.
663 1044 734 1099 Non
750 1050 805 1099 est.
851 1043 918 1101 DE.
937 1040 997 1101 Vbi
1019 1040 1106 1099 illum

459 1126 610 1189 inueniam
633 1128 742 1206 cogito
781 1195 782 1198 Ἴ

143 1219 206 1276 SY.
233 1219 300 1276 Soio
323 1213 376 1276 ubi
399 1215 443 1289 sit,
469 1236 574 1276 uerum
605 1217 696 1277 hodie
727 1236 892 1294 numquam
920 1217 1105 1277 monstrabo·

460 1308 523 1365 DE.
550 1309 638 1378 Hem,
664 1306 737 1384 quid
759 1308 824 1366 ais?
871 1309 930 1366 SY.
954 1310 1008 1366 Ita.
1044 1324 1106 1383 570

147 1396 215 1454 DE.
240 1393 463 1454 Dimminuetur
486 1392 541 1454 tibi
564 1394 684 1472 quidem
707 1395 767 1455 iam
784 1397 948 1456 cerebrum.
989 1398 1048 1455 SY.
1065 1398 1107 1454 At

459 1503 571 1543 nomen
593 1484 695 1546 ndscio

141 1712 216 1776 dagli
249 1713 357 1764 scrittori
387 1711 465 1776 greci.
494 1710 546 1762 Ct'r.
575 1714 600 1762 la

145 1792 208 1832 nota
233 1784 259 1832 61
283 1801 306 1834 v.
330 1794 390 1846 207.
411 1809 441 1819 -
471 1786 529 1831 abi:
554 1784 598 1834 cfr.

145 1869 167 1903 v.
189 1867 251 1903 220.
276 1856 393 1904 Donato:
421 1856 472 1903 Abi
494 1855 599 1914 addidit,

141 1926 220 1990 quasi
234 1926 314 1976 dicat:
333 1927 393 1975 Non
407 1932 445 1975 est
460 1926 530 1991 quod
549 1927 600 1975 iam

141 1996 271 2056 demorer,
290 1997 420 2063 perfectus
432 2011 467 2045 es.
488 1995 536 2045 Cid
553 1998 600 2047 che

144 2083 206 2132 pare
225 2068 268 2116 dia
280 2069 386 2132 ragione
404 2067 456 2115 allo
468 2068 598 2128 Dziatzko,

141 2136 252 2202 quando
270 2154 372 2188 osserva
396 2139 442 2187 che
463 2138 530 2188 forse
549 2141 597 2198 abi,

144 2225 171 2257 u.
191 2216 210 2258 t.
229 2210 248 2257 ι’.
273 2210 306 2259 66
325 2210 451 2260 relazione
475 2225 524 2258 con
549 2226 600 2258 una

140 2278 231 2349 simile
250 2280 361 2329 formula
373 2279 511 2343 originaria
528 2291 599 2329 usata

144 2350 187 2399 nel
206 2352 357 2401 tirocinium
367 2351 439 2415 fori,
457 2353 559 2416 quando
578 2352 599 2402 si

141 2419 285 2471 licenziava
295 2423 337 2471 chi
350 2438 403 2471 non
421 2422 507 2472 aiesse
523 2429 599 2472 avuto

141 2488 189 2556 pii
208 2493 321 2558 bisogno
339 2493 408 2543 della
426 2493 554 2543 direzione
572 2494 599 2543 di

141 2578 179 2611 ιιιι
199 2571 320 2613 maestro.

180 2635 243 2699 565.
262 2651 313 2683 ne:
331 2636 376 2686 cfr.
394 2649 455 2698 441.

181 2705 244 2770 566.
263 2706 394 2769 perquam
413 2728 449 2748 =
466 2706 490 2755 E
508 2709 598 2757 comet

139 2774 277 2841 (ironico).
290 2776 474 2827 Sottintendesi
484 2777 599 2841 sortiter

140 2847 316 2913 precedente3
334 2848 380 2898 cfr.
400 2861 450 2913 393
471 2863 485 2897 e
504 2848 523 2896 il
537 2857 597 2912 per·

130 2919 252 2981 fortiter
269 2918 312 2967 del
333 2935 356 2969 v.
377 2918 436 2983 567.
456 2944 490 2953 -
509 2934 598 2967 seruo-

141 2990 207 3049 lum,
228 3004 264 3036 ιιιι
288 3005 383 3054 povero
407 2987 527 3047 sehiavo;
552 2989 597 3042 cfr.

141 3059 262 3109 Perioch.
281 3076 304 3108 v.
325 3058 349 3109 8.

180 3130 243 3193 567.
262 3131 325 3179 hui.-
343 3130 388 3180 cfr.
409 3130 469 3180 216.

180 3199 243 3265 568.
256 3202 319 3250 Non
333 3204 424 3265 potuit
440 3200 538 3260 melius,
553 3202 605 3251 sel.

131 3271 232 3335 facero
241 3272 407 3336 quamfecit:
419 3273 479 3321 Non
489 3273 599 3324 avrebbe

142 3350 236 3406 potato
254 3357 305 3391 ecc.
319 3369 352 3379 -
372 3350 459 3406 caput,
477 3342 494 3390 1¹
501 3351 598 3394 autore.

142 3411 196 3461 Cfr.
219 3414 304 3463 Andr.
323 3412 393 3477 458;
419 3415 502 3463 Plaut.
523 3416 598 3466 Asin.

141 3482 206 3544 728.

181 3555 241 3617 569.
255 3555 308 3603 Sed
316 3563 395 3611 estne,
408 3555 532 3613 tribraco;
550 3556 596 3607 eir.

142 3638 167 3673 v.
186 3638 231 3685 40.
251 3625 411 3676 Similmente
428 3627 503 3675 illum
521 3627 554 3676 ha
573 3628 598 3677 la

653 1715 736 1786 Prima
760 1714 844 1763 breve.
865 1739 897 1748 -
923 1712 993 1761 Vbi...
1019 1712 1107 1776 cogito.

656 1788 678 1837 E
696 1786 767 1833 detto
786 1780 830 1849 pii
849 1800 864 1832 a
882 1782 909 1833 se
928 1791 1008 1832 stesso
1027 1784 1074 1832 che
1092 1800 1109 1831 a

654 1857 720 1906 Siro.

691 1937 751 1991 570.
775 1928 848 1975 hodie
872 1942 1032 1988 numquam:
1060 1925 1106 1975 cfr.

656 2008 704 2063 551
726 2015 741 2047 e
767 1996 825 2061 528.
846 2023 881 2033 -·
905 1995 932 2044 Si
954 1998 1008 2045 noti
1033 2012 1106 2046 come

654 2070 718 2131 siro,
738 2067 860 2131 fingendo
885 2068 912 2115 di
933 2082 986 2115 non
1012 2068 1106 2131 volere,

652 2157 699 2206 per
707 2155 760 2189 non
769 2154 840 2188 recar
848 2140 934 2187 danno
944 2139 976 2186 ad
986 2138 1106 2197 Esehiuo,

653 2213 700 2260 che
709 2212 809 2260 Demea
818 2211 839 2259 si
851 2211 914 2258 trovi
926 2226 974 2258 con
985 2210 1105 2267 Micione,

652 2278 698 2347 pii
717 2281 865 2331 facilmente
890 2281 983 2329 induca
1006 2281 1026 2328 il
1050 2295 1105 2329 vee-

652 2354 711 2402 chio
738 2370 753 2402 a
780 2352 833 2402 t'are
862 2352 949 2417 quello
979 2352 1026 2401 che
1053 2350 1106 2414 egli

652 2424 685 2473 ha
703 2424 837 2488 disegnato
858 2422 916 2487 (cfr.
935 2440 958 2472 v.
979 2422 1050 2487 553).
1071 2447 1105 2457 -

653 2495 720 2558 quid
739 2498 797 2544 ais?
820 2495 910 2544 Anche
935 2495 994 2542 noi:
1017 2513 1029 2536 ι
1050 2491 1104 2542 Che

577 2590 596 2612 ».
652 2565 710 2625 dici,
731 2566 804 2615 66161
825 2578 855 2624 »;
878 2561 934 2614 οἰοὲ
959 2565 1040 2614 anche
1062 2563 1107 2612 noi

653 2636 752 2686 usiamo
770 2637 795 2686 16
820 2633 898 2686 stessa
923 2634 1107 2685 esclamazione

652 2708 680 2756 di
698 2723 814 2773 sorpresa
838 2707 899 2756 odi
923 2706 1042 2770 angoscia
1061 2721 1108 2771 per

652 2794 711 2828 cosa
724 2779 771 2828 che
783 2778 807 2827 ci
825 2779 884 2843 paia
896 2793 962 2843 poco
974 2777 1106 2827 credibile.

653 2848 706 2900 Cfr.
731 2850 814 2900 Plaut.
839 2850 911 2913 capt.
937 2848 997 2911 289,
1021 2847 1106 2905 1016;
1141 2881 1143 2887 .

652 2921 735 2969 Merc.
754 2920 820 2982 649;
840 2936 905 2982 ecc.;
924 2937 966 2968 ma
984 2936 1030 2984 per
1048 2918 1105 2967 altri

630 3044 632 3049 ,
651 2992 733 3042 valori
746 2991 774 3039 di
786 3000 877 3057 questa
886 2993 1046 3056 espressione
1059 2989 1105 3039 ct'r.

651 3062 718 3111 ivv.
739 3062 824 3126 556e
846 3076 907 3124 920.
933 3062 960 3111 Si
984 3061 1039 3110 noti
1063 3060 1108 3125 poi

652 3133 700 3183 che
711 3135 761 3189 ais,
773 3132 901 3192 bisillabo,
910 3133 944 3182 ha
957 3133 983 3181 16
995 3132 1106 3182 seconda

652 3204 745 3253 sillaba
768 3204 854 3269 lunga,
877 3220 951 3255 come
975 3204 1003 3252 in
1021 3203 1105 3252 Plaut.

655 3274 728 3338 capt.
750 3275 835 3334 1016;
856 3276 933 3326 Phor.
953 3284 1020 3339 3153
1040 3288 1107 3335 ecc.;

652 3361 699 3410 per
716 3345 780 3395 altre
802 3345 895 3396 notizie
918 3346 1041 3395 metriche
1059 3344 1106 3393 cfr.

651 3414 893 3475 Dziatzko·Hauler,
912 3418 1006 3465 Phora
1021 3425 1082 3479 315.

689 3496 749 3550 571.
762 3489 967 3546 Dimminuetur,
986 3502 1036 3537 con
1054 3484 1108 3535 due'

652 3555 714 3615 rme
732 3558 758 3607 16
777 3559 893 3607 scrittura
912 3558 938 3606 di
957 3558 1043 3608 alcuni
1062 3573 1105 3606 co-

652 3628 703 3677 dici
722 3628 786 3692 (non
798 3629 824 3678 di
837 3627 880 3693 A),
900 3630 1042 3679 attestataci
1060 3644 1106 3678 an·
