2850 4259
527 319 695 363 Anttrriott

566 670 616 728 SC.
638 671 657 728 ὅ

370 868 494 925 melo

376 978 491 1029 SENEX

601 864 852 922 Anscfflttvs

613 973 843 1027 ADVLESCENS

632 1249 692 1307 Ml.
716 1228 763 1307 tra
786 1245 830 1305 uti
853 1244 924 1321 dixi,
949 1249 1093 1321 sostrata,

131 1333 256 1396 Facite:
297 1353 353 1413 ego
376 1334 558 1397 Aeschimim
581 1333 769 1409 conueniam,
793 1344 828 1395 ut
843 1344 904 1411 qut
919 1337 1011 1396 modo
1026 1347 1098 1398 acta.

577 1426 660 1490 haec'
675 1431 736 1485 stnt
758 1423 840 1485 sciat.

130 1514 189 1573 Sed
214 1511 281 1591 quis
304 1511 413 1573 ostium
437 1515 496 1575 hoe
519 1513 666 1592 pultauit?
704 1515 768 1574 ΑΕ.
793 1517 879 1574 Pater
906 1514 1006 1574 hercle
1036 1523 1093 1588 est,

575 1600 661 1680 perii.
707 1602 766 1663 Ml.
791 1598 957 1663 Aeschine!

126 1694 194 1774 AE.
220 1688 303 1767 Quid
326 1692 398 1753 huffe
420 1693 470 1752 htc
492 1689 645 1770 negotist?
684 1692 744 1750 ΜΙ.
768 1694 855 1751 Tr'rne
879 1693 931 1750 has
950 1689 1094 1768 pepulisti

574 1779 665 1840 foris?

161 2027 225 2087 1111,
247 2036 269 2091 5.
291 2027 379 2076 Anche
397 2034 487 2093 questa
506 2041 582 2076 scena

123 2098 282 2148 incomincia
306 2113 411 2148 averso
430 2098 580 2156 interrotto;

124 2170 171 2219 cfr.
192 2186 217 2219 v.
238 2168 267 2218 81
290 2166 322 2234 (1,
339 2167 375 2233 2).
394 2169 507 2218 Eschino
526 2169 547 2218 si
566 2165 581 2217 ὲ

124 2240 203 2290 tirato
235 2242 262 2290 in
292 2241 404 2306 disparte
435 2236 582 2304 (concedam

123 2310 206 2375 huc);
231 2326 275 2360 ora
298 2327 354 2361 esce
379 2310 448 2359 dalla
472 2326 529 2359 casa
554 2311 582 2358 di

123 2381 248 2442 Sostrata,
274 2382 330 2430 dov’
345 2398 387 2432 era
409 2387 508 2431 entrato
532 2396 581 2430 eon

123 2437 228 2517 agione
241 2452 326 2517 (609),
339 2453 359 2501 il
375 2453 447 2503 buon
459 2452 580 2511 Masone,

123 2524 174 2574 che
184 2511 291 2588 'ivolge
309 2523 360 2572 alla
377 2524 464 2572 donna
489 2538 581 2572 ancora

121 2596 210 2661 poche
221 2595 319 2660 parole.
330 2593 442 2643 Sostrata
451 2590 504 2659 pub
514 2609 582 2643 esser

121 2666 190 2714 vista
215 2666 286 2729 dagli
310 2665 450 2730 spettatori‚
472 2664 580 2730 special·

121 2743 214 2786 mente
233 2752 260 2785 se
283 2736 477 2800 immaginiamo
495 2736 543 2785 che
561 2735 581 2784 il

121 2807 239 2866 vecchi0,
253 2803 352 2857 berche
368 2815 469 2872 passato
481 2806 578 2865 Fascio,

120 2878 191 2944 parli
214 2878 320 2936 tuttavia
345 2877 444 2936 rivolta
464 2893 480 2926 ο
499 2877 579 2943 quasi,

120 2964 199 2999 verso
217 2948 234 2996 l'
242 2949 343 2998 interno
362 2948 431 2998 della
443 2964 507 2997 casa.
523 2948 580 2998 Me·

119 3020 173 3070 tri:
204 3020 342 3068 settcnarr'o
368 3020 478 3069 trocaa'co
502 3016 579 3082 (635-

121 3092 185 3154 637,
207 3088 345 3155 679·706)‚
372 3094 475 3139 senario
497 3092 580 3155 giam·

119 3164 176 3211 bico
187 3159 336 3225 (638-678),
349 3162 487 3209 settenario
498 3162 579 3225 giam·

119 3235 176 3282 bico
190 3230 341 3296 (707·711)‚
355 3233 483 3280 ottonario
495 3231 578 3294 giam·

117 3305 176 3352 bico
195 3301 280 3368 (712).

159 3373 221 3437 636.
234 3375 330 3423 Facite.
346 3374 464 3423 Donato:
481 3372 579 3421 «iubet

119 3452 152 3493 ut
179 3445 222 3493 vel
241 3460 345 3494 securae
368 3444 419 3493 sint
438 3444 479 3493 vel
504 3443 578 3492 ador·

118 3522 187 3566 nent
212 3516 315 3581 nuptias
337 3533 358 3564 ι.
381 3541 412 3551 -
432 3515 501 3575 haec,
523 3510 579 3562 cine

118 3587 141 3636 il
161 3594 281 3651 suggetto
299 3586 368 3635 della
384 3586 578 3635 conversazione

117 3667 160 3708 tra
179 3657 326 3707 Sostratae
350 3657 472 3707 Micione.
497 3683 528 3691 -
548 3663 580 3704 ut

635 2043 685 2090 quo
704 2027 776 2074 modo
791 2033 848 2074 acta
862 2026 922 2073 haec
938 2026 992 2073 sr'nt
1008 2027 1096 2085 sciats

636 2113 678 2145 ma
697 2104 729 2147 ut
750 2113 792 2146 res
814 2103 913 2161 gestast
936 2098 1049 2144 narrabo
1075 2091 1092 2144 δ
1122 2123 1124 2128 »

636 2168 707 2218 detto
732 2169 756 2218 al
779 2185 802 2219 v.
823 2176 883 2231 513.
908 2166 960 2229 Qui
985 2166 1004 2215 il
1029 2182 1093 2215 con-f

636 2239 753 2303 giuntivo
779 2239 840 2297 sint,
871 2238 931 2286 dato
962 2237 1004 2286 dal
1034 2237 1093 2287 solo

636 2310 767 2369 Bembina,
781 2315 898 2368 corretto,
913 2325 954 2358 ma
967 2309 993 2356 di
1007 2308 1095 2374 prima.

636 2396 721 2439 mano,
741 2381 774 2430 da
793 2395 828 2429 un
846 2387 911 2428 sunt
928 2380 1087 2445 precedente,

635 2447 650 2499 ὲ
669 2452 765 2500 dovuto
783 2450 865 2500 molto
884 2449 1091 2515 probabilmente

635 2521 692 2587 (cfr.
722 2523 741 2571 il
768 2522 846 2571 citato
871 2520 901 2570 Ε.
927 2520 1032 2580 Becker,
1061 2521 1093 2570 in

635 2594 819 2643 Studemund's
838 2593 955 2650 Studien,
978 2610 1004 2657 p.
1024 2589 1090 2656 308)

633 2677 649 2712 a
659 2664 786 2714 influenza
795 2664 836 2714 del
847 2664 1014 2727 congiuntivo
1024 2664 1096 2712 sciar·

634 2743 766 2800 seguente.

670 2806 730 2870 637.
749 2808 833 2870 quis...
849 2801 999 2869 pultauite
1017 2805 1093 2854 detto

634 2884 740 2942 aparte.
754 2878 873 2927 Sebbene
886 2874 998 2926 Eschino
1012 2876 1089 2925 abbia

634 2948 704 2997 detto
723 2948 808 2997 chiaro
827 2948 852 2996 al
864 2962 887 2994 v.
901 2946 954 3010 634
971 2945 1092 3013 (Aeschi-

633 3036 684 3067 nus
703 3035 746 3083 ego
764 3016 834 3084 sum)
853 3017 901 3066 che
920 3033 962 3066 era
985 3017 1022 3066 lui
1040 3018 1089 3067 che

632 3089 748 3148 bussava,
762 3090 869 3138 tuttavia
881 3103 934 3136 non
948 3085 961 3136 e
973 3089 1034 3152 {nor
1045 3088 1090 3137 del

633 3160 749 3210 naturale
767 3160 813 3209 che
827 3158 947 3219 Micione,
966 3167 1031 3210 tutto
1049 3159 1088 3207 in-

633 3237 704 3280 tento
728 3248 743 3279 a
770 3231 868 3297 parlare
893 3244 942 3278 con
967 3230 1091 3289 Sostrata,

632 3317 685 3350 non
702 3302 727 3349 vi
746 3318 832 3352 avesse
850 3300 952 3361 tradate,
968 3319 984 3352 o
995 3316 1047 3349 non
1061 3300 1092 3348 10

632 3388 721 3421 avesse
734 3372 826 3423 inteso.
840 3399 874 3409 -
885 3373 1028 3422 Aeschine!
1040 3367 1090 3420 Pit‘a

632 3443 678 3492 che
704 3460 740 3492 un
759 3444 883 3505 vocativo¹
912 3438 926 3490 ὲ
952 3445 994 3493 un'
1008 3442 1087 3493 escla-

632 3513 748 3564 mazione
758 3531 832 3564 come
841 3514 867 3562 di
878 3528 1005 3578 sorpresa:
1015 3534 1026 3558 ι
1037 3512 1090 3573 012,

631 3585 761 3634 Eschinol
783 3604 806 3634 ι.

668 3654 729 3720 638.
746 3657 818 3717 Quid
824 3656 884 3705 huic
895 3655 943 3716 hic,
956 3660 1089 3722 anapesto,
