2850 4259
330 230 394 289 208

718 245 745 285 P.
770 242 907 284 TERENTI

332 367 416 446 Quid
432 375 464 429 to
480 370 543 430 ais?
579 369 644 431 ΑΕ.
670 367 720 430 Sic
735 373 854 447 opinor.
888 368 953 429 DE.
970 367 1070 427 Multo
1084 364 1202 427 rectiust
1226 386 1290 443 920

331 458 432 534 Quam
456 457 537 518 illam
560 478 739 536 puerperam
762 459 821 518 hflc
844 475 926 517 nunc
948 455 1018 517 duci
1041 462 1095 534 per
1118 455 1194 514 uiam

333 550 507 625 Aegrotam.
554 549 619 610 ΑΕ.
643 546 694 606 Nil
718 546 800 606 enffm
824 544 888 605 utdi
910 543 1037 618 meliuss
1050 551 1093 604 ms
1116 554 1205 622 pater.

334 638 400 698 DE.
425 635 475 697 Sic
497 637 589 698 soleo.
637 637 690 696 sed
714 638 818 697 &ccum
842 633 935 695 MIcio
958 633 1110 712 egreditt'lr
1131 634 1216 694 foras.

327 937 350 987 si
374 936 437 986 vuol
454 936 483 985 in
503 951 565 986 vece
593 935 739 1000 significare
762 937 788 986 la
837 945 889 1001 per
915 936 1001 986 uiam:
1028 951 1075 1001 per
1101 934 1127 983 la
1153 936 1241 988 strada.
1267 915 1294 984 11

327 1004 434 1057 volout&
452 1006 495 1056 del
513 1015 634 1071 soggetto
656 1007 725 1070 Ille),
747 1025 788 1057 ma

327 1079 500 1144 logicamente
513 1094 528 1127 a
542 1086 647 1128 nostrae
650 1078 785 1142 familiae,

328 1147 385 1201 ciob
412 1149 474 1199 vuol
502 1149 556 1198 dire
583 1168 595 1193 ι
625 1151 738 1200 secondo
765 1151 784 1199 il

328 1229 416 1271 nostro
450 1220 580 1270 desiderio
612 1239 637 1271 ι.
671 1221 785 1270 Traduci

327 1293 448 1342 l’intiera
477 1291 543 1340 frose
572 1291 786 1358 semplicemente

327 1363 398 1414 cosi:
425 1383 438 1407 ι
461 1363 507 1412 che
528 1370 555 1411 tu
580 1363 617 1412 sei
644 1372 715 1412 tanto
735 1364 785 1413 dis·

328 1444 404 1501 posto
418 1452 432 1483 a
445 1433 563 1483 favorirci
577 1452 599 1483 ι.
618 1433 667 1483 Per
674 1434 784 1498 factum

325 1506 401 1561 uelle,
429 1506 474 1555 cfr.
495 1521 517 1555 v.
547 1506 604 1569 165.
629 1531 662 1541 —
682 1506 785 1571 Dignos

326 1578 451 1634 arbitror,
478 1576 522 1626 sel.
551 1592 616 1624 uos:
647 1595 659 1618 e
689 1576 730 1626 Ve
757 1576 784 1624 lo

328 1648 446 1698 meritate
461 1665 483 1697 v.
498 1647 597 1710 Questo
609 1647 710 1712 plurale
723 1645 784 1712 (Di-

324 1716 411 1784 gnos),
437 1718 484 1769 che
509 1717 613 1769 include
636 1719 662 1766 lo
681 1719 784 1768 schiavo

326 1790 373 1839 che
403 1789 507 1855 parlava
533 1804 547 1838 e
577 1788 596 1836 il
621 1797 690 1840 resto
715 1789 784 1840 della

327 1860 452 1925 famiglia,
462 1860 513 1909 alla
520 1859 596 1926 quale
604 1868 783 1927 apparteneva‚

843 1006 1027 1057 mentalmente
1054 1015 1234 1072 contrapposto
1259 1004 1292 1054 ad.

841 1078 889 1126 bac
915 1078 958 1127 del
986 1094 1009 1126 v.
1038 1089 1108 1139 909;
1137 1078 1181 1127 cfr.
1208 1077 1242 1126 ivi
1265 1076 1287 1124 la

841 1156 909 1199 nota.
929 1148 962 1198 Se
981 1149 1003 1198 si
1026 1149 1182 1212 accogliesse
1203 1149 1229 1197 la
1246 1148 1287 1197 lez.

840 1220 913 1269 boc...
933 1227 985 1283 per
1010 1222 1082 1269 uiam
1101 1219 1143 1269 dei
1168 1220 1248 1278 codd.‚
1264 1217 1288 1265 la
1330 1213 1333 1220 ’

842 1298 1022 1341 trascuratezza
1034 1290 1077 1340 del
1086 1290 1236 1357 linguaggio
1245 1290 1292 1338 che·

840 1378 874 1411 ne
895 1362 1069 1425 deriverebbe‚
1089 1378 1136 1427 per
1154 1362 1196 1410 cui
1214 1363 1288 1410 hoca

840 1432 919 1483 breve
943 1432 1057 1482 distanza
1082 1428 1095 1480 ὲ
1121 1440 1194 1481 usato
1218 1432 1285 1481 ade·

840 1505 977 1553 terminare
987 1504 1053 1552 altro
1066 1504 1152 1568 spazio
1164 1505 1196 1552 da
1206 1502 1293 1568 quello

840 1574 984 1639 significato
1004 1575 1029 1624 al
1047 1590 1071 1624 v.
1090 1588 1152 1635 909,
1173 1583 1243 1624 tanto
1257 1574 1285 1621 da

839 1646 982 1696 richiedere
1012 1646 1031 1695 il
1062 1654 1210 1695 commento
1240 1652 1285 1708 prr

840 1719 919 1775 uiam,
939 1717 1064 1782 potrebbe
1083 1732 1167 1767 essere
1192 1716 1245 1766 solo
1261 1731 1285 1763 a·

840 1789 926 1838 scritta
944 1788 995 1837 alla
1013 1804 1128 1837 rozzezza
1141 1788 1168 1836 di
1180 1788 1283 1844 Demea3

839 1859 884 1909 cfr.
914 1858 939 1907 la
966 1868 1028 1909 nota
1056 1877 1071 1908 a
1101 1859 1206 1907 Lubens
1233 1860 1291 1906 bene

263 1979 268 1996 ,
327 1928 472 1996 ὲεηαΙοςο
496 1932 521 1980 al
541 1930 607 1995 plur.
625 1933 722 1996 potatis
740 1932 783 1981 del
830 1930 923 1996 faxim
942 1929 986 1981 del
1003 1947 1026 1979 v.
1047 1929 1108 1992 896.

325 2019 349 2052 v.
365 2014 433 2066 7743
454 2003 500 2052 cfr.
513 2003 548 2051 ivi
562 2001 587 2050 la
600 2010 667 2062 nota,
682 2018 696 2052 e
709 2002 782 2067 Virg.

328 2077 394 2124 Aen.
427 2089 448 2133 1,
479 2088 529 2135 140
560 2072 673 2131 Vestras,
699 2073 782 2134 Eure,

325 2147 429 2204 domos,·
447 2159 485 2205 11,
498 2143 549 2193 686
560 2159 597 2207 sg.
610 2146 636 2193 T
629 2145 781 2208 yrrhene,...

324 2223 412 2265 oestro
421 2236 433 2274 ,·
458 2229 484 2278 9,
513 2226 563 2280 525
594 2216 652 2274 Vos,
677 2232 692 2263 o
723 2216 782 2264 Cal·

325 2286 426 2350 tropo...
446 2289 579 2353 adspirate
592 2286 696 2335 canenti
704 2305 717 2345 ,·
730 2301 781 2337 ecc.

324 2356 380 2407 cfr.
400 2374 493 2407 ancora
511 2360 637 2407 uobis...
657 2358 782 2406 Aeschine

324 2429 366 2477 del
380 2446 403 2480 v.
418 2429 479 2491 989.
495 2455 527 2463 -
547 2430 579 2478 In
593 2436 682 2493 questo
699 2435 781 2494 punto

324 2500 391 2550 Geta
409 2500 534 2568 potrebbe
547 2500 629 2549 anche
649 2499 693 2558 lui,
708 2514 781 2548 come

324 2571 382 2620 Siro
395 2571 454 2637 (cfr.
473 2590 496 2623 v.
511 2570 584 2636 916),
599 2586 657 2619 aver
676 2570 782 2619 lasciata

323 2642 349 2690 la
367 2659 452 2695 scena.

359 2728 420 2775 920.
438 2715 510 2775 Quid
519 2722 549 2763 tu
562 2713 621 2762 ais)
638 2708 652 2760 ὲ
664 2711 735 2761 detto
748 2711 782 2760 ad

323 2784 444 2835 Eschino.
459 2793 536 2834 -tu
549 2786 607 2832 ais:
626 2800 672 2849 per
686 2783 712 2831 lo
728 2783 780 2832 iato

322 2873 337 2905 e
362 2856 379 2903 1‘
387 2856 597 2906 abbreviamento
622 2854 665 2904 del
688 2869 780 2903 mono·

322 2927 415 2976 sillabo
438 2927 466 2977 in
484 2928 541 2986 arsi,
569 2927 613 2977 cfr.
640 2942 663 2975 v.
683 2936 726 2988 97.
747 2951 779 2960 -

320 3000 358 3047 sic
382 3001 491 3063 opinor:
515 3014 581 3049 sono
599 2998 642 3047 del
668 3004 713 3046 tuo
736 3012 781 3063 pa·

221 3115 222 3118 ,
233 3091 235 3095 “
322 3085 387 3119 rere.

360 3154 421 3203 921.
441 3141 507 3190 huc:
527 3141 573 3191 cfr.
588 3141 657 3207 App.
676 3140 731 3189 crit.
743 3116 779 3178 '—

874 2012 934 2063 922.
955 2002 1042 2050 enim:
1067 2002 1112 2051 cfr.
1132 2002 1158 2050 le
1183 2008 1241 2049 note
1264 1998 1283 2047 oi

837 2087 876 2124 vv.
906 2070 955 2124 168
984 2090 998 2120 e
1024 2072 1083 2136 656,
1109 2088 1123 2121 e
1147 2071 1168 2120 il
1189 2088 1212 2122 v.
1232 2082 1283 2135 730·

837 2145 905 2191 enim
925 2143 981 2192 vale
999 2144 1050 2193 due
1068 2143 1149 2193 brevi.
1166 2196 1174 2213 ἱ

875 2226 934 2276 923.
957 2214 1000 2263 Sic
1017 2214 1100 2263 soleo:
1125 2234 1138 2258 e
1161 2214 1183 2263 E
1201 2220 1286 2278 questo

836 2282 857 2333 il
876 2285 931 2333 mio
950 2293 1065 2334 costume
1085 2304 1108 2344 ι,
1128 2281 1184 2333 cio&
1209 2284 1235 2332 di
1252 2299 1288 2332 es·

837 2371 893 2405 sere
904 2362 1001 2406 cortese
1014 2373 1028 2405 e
1041 2357 1119 2422 pieno
1132 2357 1158 2404 di
1173 2354 1284 2419 riguardi.

837 2426 957 2476 Donato:
989 2428 1077 2477 Potest
1107 2422 1227 2489 εἴρωνεία
1254 2425 1283 2473 vi-

836 2497 909 2557 deri;
935 2498 1116 2562 giustamente.
1140 2498 1202 2546 Non
1228 2511 1285 2544 sono

836 2569 885 2618 rari
912 2569 922 2617 i
946 2569 1006 2629 casi,
1034 2570 1061 2618 in
1086 2569 1128 2617 cui
1153 2585 1202 2619 con
1225 2568 1288 2617 soleo

835 2640 853 2688 l'
863 2638 972 2703 infinito,
994 2655 1068 2690 come
1087 2640 1133 2705 qui
1151 2658 1178 2706 p.
1196 2656 1230 2690 es.
1240 2637 1283 2701 so·

836 2727 898 2768 cere,
918 2728 950 2760 va
974 2711 1126 2771 sottintes03
1154 2711 1199 2760 cst.
1217 2711 1283 2759 Eun.

837 2793 907 2844 279;
932 2782 1016 2832 Plaut.
1043 2782 1119 2833 Cure.
1146 2783 1214 2844 604;
1238 2794 1282 2829 ecc.

836 2878 870 2888 -
896 2870 998 2902 eccum:
1024 2854 1070 2904 cfr.
1095 2854 1121 2902 al
1144 2870 1168 2902 v.
1191 2852 1240 2901 260
1261 2850 1283 2897 la

836 2931 897 2973 nota
915 2925 948 2972 ad
966 2924 1067 2973 Ellum.
1092 2925 1124 2974 In
1143 2927 1191 2974 sed
1207 2936 1281 2973 eccum

835 2995 861 3046 le
879 2995 963 3061 Prime
981 2996 1032 3045 due
1059 2996 1152 3046 sillabe
1175 2996 1285 3045 formano

835 3081 938 3132 gruppo
957 3065 1094 3130 glambico.
