2850 4259
1531 260 1590 308 Ρ.
1634 262 1909 304 ΤΕΚΕΝΤΙ

764 262 790 301 ¹
809 262 889 323 54

762 387 883 449 Sed
928 395 1095 449 cesso
1141 386 1226 448 ire
1292 385 1471 459 intr0,
1540 395 1618 448 ne
1683 407 1887 449 morae
1954 386 2104 448 meis
2166 386 2382 465 m‘xptiis
2435 392 2642 464 egomet

1294 476 1486 537 siem?

1636 792 1736 849 SC.
1777 792 1816 847 6
1860 826 1864 831 -

1533 988 1592 1043 D
1613 988 1665 1043 E
1685 988 1757 1043 M
1776 987 1828 1042 E
1848 988 1911 1041 A

1605 1096 1838 1149 SENEX

766 1332 894 1393 DE.
943 1331 1227 1390 Defessus
1272 1349 1403 1390 sum
1451 1331 1865 1390 ambulando:

1946 1338 2028 1401 ut,
2079 1331 2244 1407 Syre,
2295 1340 2354 1390 te
2397 1334 2520 1389 clim
2558 1336 2647 1386 tua

765 1419 1201 1503 Monstratiqne
1247 1428 1499 1497 magnus
1542 1420 1756 1497 perdat
1801 1414 2109 1497 Itippiterl

766 1508 1111 1587 Perreptaui
1156 1527 1344 1585 usque
1400 1528 1582 1569 omne
1631 1506 1964 1586 Oppidum:
2043 1508 2121 1567 ad
2168 1516 2414 1585 portam,
2461 1506 2530 1565 ad
2580 1505 2642 1561 la·

1292 1616 1450 1671 cum,

832 1833 951 1885 712.
980 1840 1114 1876 cesso
1139 1824 1308 1872 ire...)
1336 1823 1441 1875 Cfr.
1469 1840 1514 1875 v.
1546 1837 1665 1887 320.

758 1921 822 1929 —
864 1895 1003 1952 meis,
1044 1894 1389 1945 monosillabo
1427 1911 1519 1960 per
1542 1896 1668 1944 sini-

758 1966 873 2015 zesi.
912 1965 1137 2015 Eschino
1175 1973 1320 2015 entra
1344 1967 1397 2015 in
1437 1983 1552 2016 casa
1575 1983 1668 2031 per

758 2037 794 2085 il
822 2036 923 2086 fine
961 2037 1185 2087 indicato
1210 2036 1296 2086 nel
1321 2054 1365 2086 v.
1408 2037 1529 2099 699.
1557 2038 1663 2088 Cfr.

754 2109 889 2173 ΑΡῙ).
928 2107 1039 2156 crit.

828 2249 949 2308 1111,
974 2250 1023 2298 6.
1047 2250 1247 2299 Demea
1272 2250 1465 2299 ritorna
1489 2258 1666 2300 stanco

758 2321 822 2369 ed
858 2321 1114 2369 affannato
1164 2321 1284 2369 dall’
1297 2321 1482 2371 inutile
1525 2338 1554 2371 e
1591 2321 1664 2370 fa·

758 2393 917 2441 ticosa
952 2392 1141 2441 ricerca
1179 2392 1262 2442 del
1290 2392 1506 2452 frate110,
1547 2394 1610 2442 ed
1637 2390 1665 2441 ὲ

754 2462 887 2513 stille
926 2461 1056 2512 furie
1095 2479 1187 2528 per
1225 2463 1338 2512 Siro
1382 2464 1477 2513 che
1513 2480 1574 2513 ve
1613 2465 1666 2514 lo

758 2533 822 2581 ha
846 2533 1087 2582 mandato
1123 2532 1429 2598 (569-586).
1469 2536 1664 2588 Metro:

754 2605 959 2653 senario
992 2607 1253 2668 giambico.

828 2684 949 2737 713.
1008 2675 1261 2738 Defessus
1314 2692 1429 2725 sum
1485 2677 1663 2725 ambu-

754 2745 927 2795 lando.
966 2746 1203 2810 Analoga
1229 2747 1548 2811 espressione
1573 2762 1667 2811 per

758 2815 973 2879 analoga
1010 2815 1319 2866 circostanza
1344 2817 1389 2866 si
1428 2825 1571 2866 trova
1609 2814 1664 2865 in

757 2889 919 2935 Plaut.
946 2888 1112 2939 Merc.
1141 2887 1243 2937 818
1270 2887 1523 2952 Defessus
1549 2904 1664 2936 sum

758 2959 929 3006 urbem
952 2966 1110 3007 totam
1130 2962 1515 3023 peruenarier,·
1538 2962 1585 3007 Α
1591 2976 1662 3007 m-

750 3029 839 3093 pai.
892 3042 1026 3091 1014
1071 3030 1197 3079 Sum
1242 3029 1474 3094 defessus
1512 3046 1663 3095 quae-

754 3101 981 3149 ritando.
1034 3102 1135 3149 Per
1170 3102 1204 3149 1·
1221 3100 1446 3150 ablativo
1491 3101 1586 3151 cfr.
1626 3099 1664 3150 il

754 3185 798 3217 v.
839 3182 941 3234 213
987 3172 1342 3235 uapulando...
1386 3172 1664 3221 uerberan-

754 3241 867 3291 «τὼ...
908 3243 1098 3305 defessi
1112 3262 1136 3302 ,·
1172 3244 1317 3293 Eun.
1352 3242 1517 3301 1008;
1558 3258 1661 3293 ecc.

758 3341 822 3349 v—
873 3319 935 3362 ut
978 3329 1153 3379 spesso
1191 3310 1219 3362 ὲ
1259 3320 1405 3363 usato
1444 3314 1528 3363 dai
1566 3313 1663 3362 Co·

758 3382 875 3433 miei
933 3400 1027 3448 per
1082 3385 1372 3434 introdurre
1430 3384 1662 3450 proposi-

754 3454 887 3502 zioni
914 3454 1249 3505 desiderative
1275 3472 1307 3505 o
1335 3456 1665 3520 imprecative

754 3525 855 3573 allo
905 3533 1066 3575 stesso
1112 3527 1267 3575 modo
1315 3526 1370 3575 di
1422 3528 1626 3576 utinam
1641 3544 1666 3585 ,-

754 3590 835 3645 eze»
855 3592 883 3643 ὲ
901 3596 1150 3647 avvertito
1170 3597 1333 3649 anche
1351 3598 1416 3647 da
1439 3598 1661 3647 Donat0.

2539 1608 2634 1667 715

1776 1825 1880 1875 Del
1921 1832 2058 1874 resto
2106 1824 2158 1873 la
2202 1824 2543 1889 proposizione
2582 1821 2644 1868 in·

1778 1898 2002 1946 trodotta
2038 1896 2105 1944 da
2129 1903 2193 1945 ut
2225 1911 2324 1944 con
2360 1896 2393 1943 il
2430 1893 2645 1957 congium

1779 1968 1885 2017 tivo
1911 1967 1966 2016 in
2002 1966 2159 2015 simili
2185 1966 2292 2015 casi
2329 1963 2357 2014 ὲ
2391 1964 2494 2014 solo
2515 1978 2643 2028 appa·

1776 2045 2093 2088 rentemente
2148 2037 2518 2102 indipendente‚
2567 2048 2636 2098 po·

1776 2109 2028 2159 tendovisi
2078 2108 2451 2159 sottintendere
2502 2104 2638 2170 (come

1775 2181 1938 2229 anche
2010 2195 2102 2243 per
2174 2176 2404 2241 utinam)
2465 2187 2636 2241 precor,

1776 2267 1970 2315 quaero
2006 2266 2034 2298 e
2072 2249 2228 2299 simili
2271 2249 2426 2299 verbi.
2474 2249 2561 2297 Per
2585 2244 2644 2293 al·

1776 2322 1894 2371 cuni
1907 2322 1973 2369 ha
1989 2336 2117 2386 pure
2136 2320 2308 2369 valore
2330 2317 2639 2373 desiderativo,

1774 2392 2168 2455 analogamente
2218 2392 2270 2439 al
2319 2406 2434 2440 caso
2484 2395 2637 2443 nostro,

1774 2463 1808 2512 l'
1830 2463 2147 2528 espressione
2201 2470 2265 2511 ut
2311 2478 2453 2510 omne
2495 2458 2650 2509 reddat·

1773 2534 1859 2583 del
1897 2550 1943 2583 v.
1985 2532 2104 2583 280.
2145 2532 2254 2583 Cfr.
2292 2535 2436 2583 Eun.
2475 2543 2564 2593 302
2597 2533 2644 2576 ut
2736 2575 2738 2580 .

1773 2606 1923 2655 illum
1963 2606 2020 2654 di
2059 2606 2279 2668 deaeque
2321 2605 2513 2652 senium
2548 2608 2640 2665 per·

1773 2679 1916 2733 dant,
1957 2677 2053 2739 qui
2083 2692 2162 2724 me
2203 2676 2350 2723 hodie
2393 2677 2643 2722 remoratus

1773 2755 1862 2796 est.

1847 2828 2101 2881 713·714.
2115 2834 2284 2866 cum...
2305 2822 2396 2864 tua
2416 2814 2641 2864 Monstra-

1773 2890 1924 2938 tione.
1964 2888 2068 2936 Noi
2105 2887 2450 2937 similmente:
2493 2905 2515 2929 «
2553 2895 2647 2932 con

1773 2965 1904 3009 tutte
1941 2959 1991 3009 le
2030 2966 2117 3008 tue
2157 2958 2463 3008 indicationi
2491 2976 2532 3005 ι.
2564 2952 2643 3001 cfr.

1772 3032 1966 3080 Heaut.
2009 3028 2114 3079 810
2151 3045 2227 3093 sg.
2290 3030 2358 3077 Vt
2399 3036 2447 3077 te
2481 3026 2643 3091 quidem

1773 3103 1878 3151 di...
1903 3116 2016 3149 cum
2041 3108 2146 3160 tuo,
2168 3101 2312 3165 Syre,
2334 3102 2458 3149 istoc
2473 3099 2648 3148 inuento

1773 3188 1990 3236 cumque
2060 3173 2260 3235 incepto
2334 3170 2644 3235 perduintl,·

1772 3244 1947 3293 Andr.
1988 3253 2089 3306 317
2126 3244 2231 3292 Abi
2265 3244 2384 3291 hinc
2410 3242 2468 3290 in
2491 3238 2643 3287 malane

1773 3330 1882 3362 rem
1919 3330 2034 3362 cum
2071 3314 2360 3377 suspicione
2395 3314 2535 3368 istac,
2571 3321 2642 3357 sce·

1774 3383 1859 3433 Ius
1878 3390 1936 3443 !,·
1974 3400 2076 3434 ecc.

1850 3464 1968 3519 715.
2031 3455 2362 3519 Perreptaui,
2426 3452 2498 3502 mi
2549 3459 2648 3500 sono

1776 3526 2067 3576 trascinatO.
2109 3527 2171 3574 In
2208 3525 2321 3574 fatti
2359 3525 2400 3575 il
2434 3524 2574 3574 verbo
2589 3520 2642 3567 in·

1776 3597 1890 3646 dica
1928 3597 1962 3646 l'
1984 3598 2174 3648 andare
2216 3596 2360 3647 lento
2399 3614 2429 3647 e
2472 3594 2655 3661 peso-nte
