2850 4259
784 269 864 310 20

779 394 1054 456 Profecto
1102 395 1219 455 hoc
1262 411 1404 455 uere
1449 395 1697 457 dicunt:

1554 271 1610 317 Ρ.
1659 270 1930 316 ΤΕΜΝΤΙ

1776 395 1826 457 si
1869 395 2057 457 absis·
2073 393 2321 474 uspiam,

785 488 903 544 Aut
951 482 1038 544 sni
1083 482 1134 544 si
1177 503 1390 559 cesseS,
1440 482 1683 546 euenire
1729 504 1801 546 ea
1846 485 2030 546 satius
2075 494 2165 545 est

785 576 953 650 Quae
997 571 1062 633 in
1092 581 1152 633 te
1198 577 1347 634 uxor
1391 572 1538 635 dicit
1583 580 1644 635 et
1687 593 1840 654 quae
1886 574 1949 635 in
1997 572 2201 635 animo
2246 572 2461 652 cogitat

2591 594 2656 650 30

785 668 954 737 Irata,
1004 681 1187 740 quam
1233 661 1335 722 illa
1380 669 1533 740 quae
1577 674 1854 741 parentes
1898 662 2158 743 propitii.

785 754 964 824 onr,
1015 750 1064 811 si
1110 770 1320 826 cesseS‚
1367 758 1472 812 aut
1516 762 1576 813 te
1620 772 1819 813 amare
1865 751 2087 830 cogitat

789 844 910 900 Aut
954 846 1076 901 tete
1119 840 1304 901 amari
1347 851 1451 902 aut
1493 850 1699 920 potate
1746 852 1927 920 atque
1972 840 2177 902 animo
2223 839 2487 920 obsequi,

789 932 864 989 Et
907 928 1020 990 ttbi
1066 931 1222 990 bene
1270 950 1415 1004 esse,
1469 930 1580 991 soli
1609 950 1811 1009 -quom
1858 929 1971 992 sibi
2016 938 2093 991 sit
2137 932 2313 992 male.

789 1021 933 1097 Eg0,
984 1027 1126 1096 quia
1172 1038 1296 1079 non
1339 1018 1518 1080 rediit
1563 1019 1737 1095 fssius,
1789 1038 1945 1099 quae
1990 1019 2232 1099 cogitol

777 1267 881 1332 fui
912 1281 1011 1315 con
1041 1267 1092 1315 la
1118 1266 1398 1332 lunghezza
1421 1268 1697 1332 originaria

793 1337 910 1388 dell'
932 1355 987 1398 u,
1027 1346 1236 1388 accanto
1277 1356 1306 1387 a
1325 1339 1431 1402 sui
1470 1355 1568 1389 con
1605 1340 1637 1388 1·
1660 1357 1698 1389 u

793 1412 944 1459 breve
979 1426 1072 1476 per
1108 1410 1385 1475 posizione.

865 1479 950 1531 28.
987 1482 1079 1529 hoc
1116 1497 1237 1530 uere
1275 1483 1490 1531 dicunt:
1534 1479 1564 1530 ὸ
1604 1498 1699 1547 pur

797 1567 912 1602 vero
948 1551 1126 1618 quello
1163 1553 1257 1603 che
1295 1552 1338 1601 si
1375 1553 1503 1602 dice.
1551 1580 1614 1588 —
1656 1555 1705 1602 si

797 1624 929 1672 exbsis
953 1624 1156 1687 uspiam
1184 1640 1232 1688 q.
1260 1641 1325 1673 ss.
1358 1625 1595 1675 Intendi:
1635 1625 1701 1675 Se

797 1694 899 1743 mai
956 1710 1026 1742 un
1075 1695 1281 1758 giovine
1330 1695 1405 1744 sia
1466 1696 1597 1746 fuori
1648 1697 1700 1745 di

801 1781 911 1814 casa
930 1765 986 1814 in
1011 1766 1229 1830 qualche
1254 1766 1410 1830 luogo
1438 1765 1511 1832 (si
1532 1785 1579 1817 a.
1608 1767 1700 1832 u.)‚

801 1856 826 1888 e
864 1852 919 1886 se
956 1836 1024 1884 ivi
1063 1844 1248 1902 troppo
1287 1839 1477 1898 ritardi,
1518 1847 1702 1905 troppo

801 1910 836 1956 5'
857 1907 1038 1971 indugi
1083 1905 1177 1973 (ibi
1222 1911 1271 1958 si
1311 1907 1392 1973 c.)‚
1433 1906 1462 1958 ὲ
1513 1912 1703 1975 meglio

801 1979 892 2028 che
931 1979 1114 2044 questo
1139 1996 1365 2045 avvenga
1401 1998 1493 2046 per
1518 1982 1555 2030 il
1590 1999 1702 2047 pro-

801 2052 1013 2114 lungato
1050 2050 1420 2111 divertimento,
1462 2068 1606 2103 come
1651 2054 1704 2102 di

801 2136 894 2170 5uo
935 2122 1115 2170 marito
1153 2123 1265 2172 dice
1291 2141 1319 2173 e
1352 2124 1633 2188 immagina
1658 2127 1707 2174 la

809 2192 994 2257 moglie
1026 2193 1217 2242 adirata
1242 2194 1325 2244 dal
1353 2197 1513 2259 lungo
1540 2204 1706 2262 aspet-

809 2272 928 2321 tare,
954 2265 1048 2313 che
1087 2280 1191 2313 non
1229 2282 1321 2331 per
1358 2267 1576 2332 qualche
1602 2268 1706 2317 dis·

805 2334 984 2399 grazia,
1025 2335 1077 2384 di
1115 2336 1208 2385 che
1248 2345 1455 2386 temono
1480 2340 1497 2388 i
1524 2349 1708 2404 troppo

809 2406 967 2456 teneri
997 2406 1232 2470 genitori.
1274 2407 1378 2478 Cfr.
1406 2410 1710 2474 Appendice

801 2477 910 2526 Crit-

878 2561 962 2609 29.
999 2549 1084 2609 ibi,
1123 2546 1235 2599 cioe
1265 2553 1486 2614 uspiam.
1530 2579 1592 2587 ——-
1632 2569 1711 2600 sa-

809 2621 912 2669 tius
949 2627 1026 2669 est
1060 2643 1127 2661 ι·-
1179 2623 1360 2670 melius
1397 2630 1486 2672 est.
1544 2651 1605 2658 —
1656 2639 1713 2671 ea

809 2689 1033 2756 sati(us),
1062 2708 1175 2741 raro
1200 2695 1428 2758 esempio
1454 2695 1505 2744 di
1538 2710 1711 2760 proce-

813 2764 1108 2813 leusmatico
1128 2764 1266 2813 nella
1285 2765 1571 2829 penultima
1596 2766 1716 2816 sede

813 2834 897 2883 del
934 2835 1136 2884 senario
1173 2836 1447 2900 giambicO.

882 2918 968 2969 30.
1008 2906 1181 2958 dicit...
1210 2909 1410 2972 cogitat.
1441 2904 1531 2959 C'e
1556 2907 1717 2958 anche

817 2976 1115 3040 gradazione
1154 2978 1205 3026 di
1243 2980 1481 3030 concetti.
1508 2980 1584 3028 La
1609 2994 1717 3027 mo·

817 3047 918 3112 glie
967 3049 1157 3112 gelosa‚
1203 3049 1339 3098 nella
1388 3051 1539 3099 stizza
1585 3049 1721 3099 della

817 3128 999 3185 troppo
1036 3120 1195 3184 lunga
1232 3129 1407 3181 amesa,
1448 3138 1606 3187 pensa
1630 3116 1720 3186 piu

817 3191 868 3241 di
917 3191 1093 3257 quello
1140 3192 1233 3241 che
1282 3208 1387 3241 non
1438 3194 1551 3242 dica
1605 3190 1719 3258 (cfr.

821 3280 862 3313 v.
891 3274 958 3327 32
997 3261 1190 3327 segg.);
1232 3279 1259 3312 e
1302 3279 1432 3328 pure
1468 3281 1574 3313 non
1609 3264 1722 3312 dice

821 3335 981 3400 poco!
1022 3333 1182 3399 (Nota
1218 3334 1312 3384 che
1349 3335 1387 3383 il
1421 3343 1575 3401 poeta
1609 3335 1723 3384 dice

821 3408 876 3455 in
895 3413 942 3455 tc
966 3402 1057 3471 piu
1083 3413 1217 3455 tosto
1235 3405 1330 3456 che
1356 3408 1416 3455 cle
1439 3415 1502 3467 te,
1522 3422 1724 3472 expres·

821 3478 937 3541 sing
976 3477 1060 3527 the
1091 3476 1305 3542 spiteful
1342 3477 1510 3527 intent
1546 3477 1607 3527 of
1638 3477 1725 3526 the
1788 3482 1792 3486 ”

821 3549 1002 3608 wordS,
1065 3563 1212 3598 come
1273 3557 1475 3599 avverte
1536 3550 1724 3613 giusta-

823 3626 999 3672 mente
1038 3620 1086 3670 lo
1125 3616 1380 3686 Sloman.)

2599 1034 2659 1097 35

1757 1182 1778 1210 l

1877 1281 1959 1332 31.
2001 1269 2229 1333 propitii
2279 1288 2352 1308 =
2397 1265 2667 1331 indulgenti,

1806 1339 2174 1410 compiacenti3
2202 1340 2244 1388 si
2270 1346 2600 1404 contrappone
2618 1337 2668 1384 ad

1805 1414 1961 1461 irata.
2001 1412 2046 1461 E
2076 1426 2168 1476 per
2204 1409 2258 1458 lo
2293 1407 2383 1476 piu
2410 1411 2542 1458 detto
2562 1407 2668 1457 delle

1805 1479 2035 1541 divinitu,
2075 1497 2108 1529 o
2146 1482 2308 1531 anche
2346 1481 2400 1530 di
2438 1481 2575 1530 esseri
2606 1493 2668 1526 su-

1809 1554 2013 1621 periori,
2062 1553 2158 1602 che
2194 1553 2240 1602 ci
2284 1553 2431 1602 siano
2481 1548 2667 1614 benigni,

1806 1627 1909 1675 ben
1947 1624 2177 1690 disposti.
2219 1624 2325 1674 Cfr.
2358 1640 2451 1689 per
2473 1623 2523 1672 lo
2543 1631 2669 1671 stesso

1809 1702 2170 1760 contrapposto
2207 1695 2374 1744 Plaut.
2408 1695 2560 1743 Merc.
2592 1701 2668 1755 953

1810 1782 1976 1832 segg.:
1999 1768 2182 1816 Pacem
2205 1767 2439 1829 componi
2460 1765 2564 1814 uolo
2582 1763 2669 1812 Meo

1802 1841 1957 1905 patri
1998 1855 2112 1886 cum
2164 1845 2327 1886 matre
2346 1854 2364 1884 .·
2417 1853 2533 1885 nam
2565 1849 2672 1882 nunc

1810 1913 2004 1960 iratast
2061 1911 2155 1958 ei..
2174 1944 2185 1958 .
2244 1910 2379 1956 Tam
2432 1905 2673 1972 propitiam

1812 1982 2039 2039 reddam,
2068 1996 2224 2043 quam
2261 1995 2415 2043 quom
2440 1977 2675 2041 propitiast

1813 2055 1951 2101 Iuno
1996 2052 2114 2100 Iovi
2130 2067 2153 2107 ,·
2203 2066 2231 2099 e
2267 2049 2374 2100 Cic.
2413 2051 2487 2097 ad
2515 2050 2608 2097 Att.
2638 2042 2671 2100 8,

1822 2123 1898 2182 16,
1932 2137 1958 2170 2
1990 2122 2281 2187 propitium
2319 2123 2457 2170 hunc
2492 2121 2673 2184 sperant,

1815 2195 1965 2245 illum
2002 2195 2199 2243 iratum
2229 2199 2443 2256 putant.
2670 2255 2678 2267 .

1890 2278 1974 2328 32.
2003 2272 2049 2313 te
2068 2279 2246 2312 amare
2270 2283 2342 2303 =
2366 2263 2528 2311 alieno
2550 2273 2675 2308 amors

1818 2337 2039 2401 obsequi,
2078 2334 2246 2383 alieno
2296 2350 2469 2382 amore
2514 2337 2674 2395 captum

1819 2425 1937 2458 esse.

1891 2492 1974 2543 33.
1994 2478 2108 2526 Aut
2122 2482 2215 2526 tete
2233 2476 2420 2524 amari.
2442 2475 2514 2523 La
2530 2468 2678 2534 moglie

1822 2552 1996 2616 gelosa
2015 2547 2295 2611 immagiua
2308 2547 2483 2605 anche,
2495 2559 2597 2593 cosa
2611 2540 2677 2589 che

1820 2625 1870 2673 le
1911 2622 1959 2671 fa
1998 2619 2230 2682 maggior
2279 2619 2515 2682 dispettO,
2549 2615 2591 2663 le
2624 2612 2677 2658 lu·

1823 2693 2004 2757 singhe
2042 2689 2305 2740 sedutti-ici
2342 2689 2397 2736 di
2436 2704 2531 2736 una
2564 2681 2677 2733 rivale

1824 2766 2208 2815 ardentemente
2268 2761 2575 2809 innamorata
2621 2751 2678 2801 del

1826 2836 2023 2885 marim.
2051 2831 2157 2881 Cfr.
2177 2833 2315 2897 App.
2337 2831 2449 2880 crit.
2471 2856 2528 2866 -—
2549 2826 2678 2875 animo

1827 2906 2033 2970 obsequi
2085 2925 2153 2945 =
2202 2903 2337 2951 darsi
2398 2902 2485 2951 bel
2535 2906 2679 2972 tempo:

1828 2979 2071 3035 Animus,
2110 2975 2164 3024 in
2198 2982 2381 3039 questa
2418 2990 2447 3022 e
2487 2973 2535 3021 in
2567 2964 2683 3044 simili

1830 3049 1965 3108 frasi,
2023 3062 2168 3097 come
2222 3046 2286 3095 ad
2342 3061 2413 3095 es,
2463 3045 2513 3092 in
2560 3038 2680 3088 anima

1830 3136 1988 3169 causa
2026 3117 2210 3181 (anche
2258 3117 2313 3165 in
2351 3115 2495 3179 Cic.),
2540 3113 2595 3160 ha
2634 3119 2681 3153 un

1831 3189 2118 3255 significato
2174 3189 2268 3237 che
2317 3187 2362 3236 si
2421 3183 2622 3258 ayvicina
2663 3191 2682 3222 a

1832 3261 2008 3328 quello
2046 3261 2100 3309 di
2136 3259 2395 3324 uoluptas.

1905 3346 1988 3397 34.
2030 3331 2135 3380 Cfr.
2175 3332 2312 3396 App.
2353 3329 2459 3379 crit.

1905 3413 1989 3468 35.
2034 3419 2119 3468 ego
2169 3403 2311 3465 quia,
2366 3397 2683 3469 proceleusmff·

1833 3475 1951 3535 tice,
1979 3473 2141 3524 molto
2167 3472 2435 3539 frequente
2460 3482 2591 3519 come
2611 3476 2683 3528 prl‘

1835 3563 1920 3596 mo
1952 3546 2105 3613 piede
2130 3544 2215 3593 del
2240 3543 2438 3593 senario
2459 3534 2682 3606 giambioo.

1834 3616 1938 3667 Cfr.
1977 3615 2355 3667 Introduzione.
