<?xml version="1.0" encoding="UTF-8"?>
<!DOCTYPE html PUBLIC "-//W3C//DTD XHTML 1.0 Transitional//EN"
    "http://www.w3.org/TR/xhtml1/DTD/xhtml1-transitional.dtd">
<html xmlns="http://www.w3.org/1999/xhtml" xml:lang="en" lang="en">
 <head>
  <title>
</title>
<meta http-equiv="Content-Type" content="text/html;charset=utf-8" />
  <meta name='ocr-system' content='tesseract 3.04.00' />
  <meta name='ocr-capabilities' content='ocr_page ocr_carea ocr_par ocr_line ocrx_word'/>
</head>
<body>
  <div class='ocr_page' id='page_1' title='image "./pterentiafriade00cupagoog/pterentiafriade00cupagoog_0292.png"; bbox 0 0 2850 4259; ppageno 0'>
   <div class='ocr_carea' id='block_1_1' title="bbox 559 246 1117 309">
    <p class='ocr_par' dir='ltr' id='par_1_1' title="bbox 559 246 1117 309">
     <span class='ocr_line' id='line_1_1' title="bbox 559 246 1117 309; baseline 0.002 -20"><span class='ocrx_word' id='word_1_1' title='bbox 559 246 728 290; x_wconf 66' lang='lat' dir='ltr'>aspernor</span> <span class='ocrx_word' id='word_1_2' title='bbox 1059 249 1117 309; x_wconf 76' lang='lat'>15¹</span> 
     </span>
    </p>
   </div>
   <div class='ocr_carea' id='block_1_2' title="bbox 156 368 1217 894">
    <p class='ocr_par' dir='ltr' id='par_1_2' title="bbox 163 368 1123 446">
     <span class='ocr_line' id='line_1_2' title="bbox 163 368 1123 446; baseline 0 -13"><span class='ocrx_word' id='word_1_3' title='bbox 163 376 252 434; x_wconf 82' lang='lat' dir='ltr'>Bono</span> <span class='ocrx_word' id='word_1_4' title='bbox 274 369 377 431; x_wconf 86' lang='lat' dir='ltr'>animo</span> <span class='ocrx_word' id='word_1_5' title='bbox 399 390 441 446; x_wconf 75' lang='lat' dir='ltr'>ea,</span> <span class='ocrx_word' id='word_1_6' title='bbox 458 371 552 432; x_wconf 75' lang='lat' dir='ltr'>duces</span> <span class='ocrx_word' id='word_1_7' title='bbox 566 390 700 434; x_wconf 76' lang='lat' dir='ltr'>uxorem,</span> <span class='ocrx_word' id='word_1_8' title='bbox 740 373 803 432; x_wconf 91' lang='lat' dir='ltr'>AE.</span> <span class='ocrx_word' id='word_1_9' title='bbox 819 368 921 432; x_wconf 74' lang='lat' dir='ltr'>Hem!</span> <span class='ocrx_word' id='word_1_10' title='bbox 960 376 1019 434; x_wconf 88' lang='grc' dir='ltr'>ΜΙ.</span> <span class='ocrx_word' id='word_1_11' title='bbox 1034 378 1123 434; x_wconf 86' lang='lat' dir='ltr'>Bono</span> 
     </span>
    </p>

    <p class='ocr_par' dir='ltr' id='par_1_3' title="bbox 543 459 1217 538">
     <span class='ocr_line' id='line_1_3' title="bbox 543 459 1217 538; baseline 0.003 -18"><span class='ocrx_word' id='word_1_12' title='bbox 543 487 546 494; x_wconf 92' lang='lat'>·</span> <span class='ocrx_word' id='word_1_13' title='bbox 605 460 760 533; x_wconf 87' lang='lat' dir='ltr'>animoes,</span> <span class='ocrx_word' id='word_1_14' title='bbox 774 459 907 538; x_wconf 68' lang='lat' dir='ltr'>inquam.</span> <span class='ocrx_word' id='word_1_15' title='bbox 945 464 1009 521; x_wconf 88' lang='lat' dir='ltr'>AE.</span> <span class='ocrx_word' id='word_1_16' title='bbox 1023 465 1121 536; x_wconf 86' lang='lat' dir='ltr'>Pater,</span> <span class='ocrx_word' id='word_1_17' title='bbox 1216 481 1217 484; x_wconf 71' lang='grc'>’</span> 
     </span>
    </p>

    <p class='ocr_par' dir='ltr' id='par_1_4' title="bbox 161 527 1121 699">
     <span class='ocr_line' id='line_1_4' title="bbox 161 527 1121 628; baseline -0.001 -17"><span class='ocrx_word' id='word_1_18' title='bbox 161 527 309 624; x_wconf 66' lang='lat' dir='ltr'>Obsecro</span> <span class='ocrx_word' id='word_1_19' title='bbox 326 568 399 608; x_wconf 88' lang='lat' dir='ltr'>num</span> <span class='ocrx_word' id='word_1_20' title='bbox 423 545 503 608; x_wconf 70' lang='lat' dir='ltr'>lodis</span> <span class='ocrx_word' id='word_1_21' title='bbox 517 570 598 612; x_wconf 89' lang='lat' dir='ltr'>nunc</span> <span class='ocrx_word' id='word_1_22' title='bbox 612 561 646 611; x_wconf 91' lang='lat' dir='ltr'>tu</span> <span class='ocrx_word' id='word_1_23' title='bbox 661 551 732 610; x_wconf 81' lang='lat' dir='ltr'>me?</span> <span class='ocrx_word' id='word_1_24' title='bbox 774 552 833 610; x_wconf 88' lang='grc' dir='ltr'>ΜΙ.</span> <span class='ocrx_word' id='word_1_25' title='bbox 856 541 920 628; x_wconf 83' lang='lat' dir='ltr'>Ego</span> <span class='ocrx_word' id='word_1_26' title='bbox 943 552 993 610; x_wconf 86' lang='lat' dir='ltr'>te?</span> <span class='ocrx_word' id='word_1_27' title='bbox 1030 571 1121 627; x_wconf 83' lang='lat' dir='ltr'>quam</span> 
     </span>
     <span class='ocr_line' id='line_1_5' title="bbox 607 639 1007 699; baseline 0 0"><span class='ocrx_word' id='word_1_28' title='bbox 607 641 647 699; x_wconf 94' lang='lat' dir='ltr'>ob</span> <span class='ocrx_word' id='word_1_29' title='bbox 669 640 752 698; x_wconf 83' lang='lat' dir='ltr'>rem?</span> <span class='ocrx_word' id='word_1_30' title='bbox 789 641 854 699; x_wconf 86' lang='lat' dir='ltr'>AE.</span> <span class='ocrx_word' id='word_1_31' title='bbox 878 639 1007 699; x_wconf 80' lang='lat' dir='ltr'>Nescio:</span> 
     </span>
    </p>

    <p class='ocr_par' dir='ltr' id='par_1_5' title="bbox 156 724 1120 806">
     <span class='ocr_line' id='line_1_6' title="bbox 156 724 1120 806; baseline 0.003 -20"><span class='ocrx_word' id='word_1_32' title='bbox 156 728 243 804; x_wconf 70' lang='lat' dir='ltr'>Quia</span> <span class='ocrx_word' id='word_1_33' title='bbox 253 735 315 785; x_wconf 82' lang='lat' dir='ltr'>tam</span> <span class='ocrx_word' id='word_1_34' title='bbox 331 724 439 786; x_wconf 86' lang='lat' dir='ltr'>misere</span> <span class='ocrx_word' id='word_1_35' title='bbox 453 728 512 788; x_wconf 90' lang='lat' dir='ltr'>hoc</span> <span class='ocrx_word' id='word_1_36' title='bbox 528 734 592 787; x_wconf 77' lang='lat' dir='ltr'>esse</span> <span class='ocrx_word' id='word_1_37' title='bbox 606 726 695 805; x_wconf 91' lang='lat' dir='ltr'>cupio</span> <span class='ocrx_word' id='word_1_38' title='bbox 710 733 825 801; x_wconf 77' lang='lat' dir='ltr'>uerum,</span> <span class='ocrx_word' id='word_1_39' title='bbox 842 747 878 787; x_wconf 90' lang='lat' dir='ltr'>eo</span> <span class='ocrx_word' id='word_1_40' title='bbox 895 737 1001 787; x_wconf 80' lang='lat' dir='ltr'>uereor</span> <span class='ocrx_word' id='word_1_41' title='bbox 1015 726 1120 806; x_wconf 87' lang='lat' dir='ltr'>magis.</span> 
     </span>
    </p>

    <p class='ocr_par' dir='ltr' id='par_1_6' title="bbox 159 796 1122 894">
     <span class='ocr_line' id='line_1_7' title="bbox 159 796 1122 894; baseline 0.003 -18"><span class='ocrx_word' id='word_1_42' title='bbox 159 818 220 877; x_wconf 88' lang='lat' dir='ltr'>Ml.</span> <span class='ocrx_word' id='word_1_43' title='bbox 244 796 307 876; x_wconf 73' lang='lat' dir='ltr'>Abi</span> <span class='ocrx_word' id='word_1_44' title='bbox 328 814 453 876; x_wconf 88' lang='lat' dir='ltr'>domum</span> <span class='ocrx_word' id='word_1_45' title='bbox 476 837 512 877; x_wconf 87' lang='lat' dir='ltr'>ac</span> <span class='ocrx_word' id='word_1_46' title='bbox 534 818 608 877; x_wconf 87' lang='lat' dir='ltr'>deos</span> <span class='ocrx_word' id='word_1_47' title='bbox 631 825 831 894; x_wconf 74' lang='lat' dir='ltr'>comprecare,</span> <span class='ocrx_word' id='word_1_48' title='bbox 856 826 889 876; x_wconf 88' lang='lat' dir='ltr'>ut</span> <span class='ocrx_word' id='word_1_49' title='bbox 920 822 1042 877; x_wconf 77' lang='lat' dir='ltr'>sororem</span> <span class='ocrx_word' id='word_1_50' title='bbox 1074 837 1122 879; x_wconf 88' lang='lat' dir='ltr'>ac·</span> 
     </span>
    </p>
   </div>
   <div class='ocr_carea' id='block_1_3' title="bbox 160 907 1128 1249">
    <p class='ocr_par' dir='ltr' id='par_1_7' title="bbox 160 907 1128 1249">
     <span class='ocr_line' id='line_1_8' title="bbox 165 907 1122 1069; baseline 0.001 -16"><span class='ocrx_word' id='word_1_51' title='bbox 165 996 233 1055; x_wconf 90' lang='lat' dir='ltr'>AE.</span> <span class='ocrx_word' id='word_1_52' title='bbox 246 992 350 1069; x_wconf 74' lang='lat' dir='ltr'><strong>Quld?</strong></span> <span class='ocrx_word' id='word_1_53' title='bbox 383 990 442 1051; x_wconf 84' lang='lat' dir='ltr'>iam</span> <span class='ocrx_word' id='word_1_54' title='bbox 455 907 867 1055; x_wconf 38' lang='lat' dir='ltr'>uxorem?celgis{slarant.n’AE.</span> <span class='ocrx_word' id='word_1_55' title='bbox 883 994 967 1053; x_wconf 84' lang='lat' dir='ltr'>Iam?</span> <span class='ocrx_word' id='word_1_56' title='bbox 990 996 1048 1053; x_wconf 91' lang='grc' dir='ltr'>ΜΙ.</span> <span class='ocrx_word' id='word_1_57' title='bbox 1058 997 1122 1054; x_wconf 84' lang='lat' dir='ltr'>Iam</span> 
     </span>
     <span class='ocr_line' id='line_1_9' title="bbox 409 1081 1120 1160; baseline 0.003 -20"><span class='ocrx_word' id='word_1_58' title='bbox 409 1087 555 1156; x_wconf 65' lang='lat' dir='ltr'>quantam</span> <span class='ocrx_word' id='word_1_59' title='bbox 577 1093 687 1159; x_wconf 87' lang='lat' dir='ltr'>potest.</span> <span class='ocrx_word' id='word_1_60' title='bbox 727 1084 790 1142; x_wconf 87' lang='lat' dir='ltr'>AE.</span> <span class='ocrx_word' id='word_1_61' title='bbox 813 1081 853 1144; x_wconf 91' lang='lat' dir='ltr'>Di</span> <span class='ocrx_word' id='word_1_62' title='bbox 869 1090 926 1157; x_wconf 75' lang='lat' dir='ltr'>me,</span> <span class='ocrx_word' id='word_1_63' title='bbox 944 1094 1037 1160; x_wconf 87' lang='lat' dir='ltr'>pater,</span> <span class='ocrx_word' id='word_1_64' title='bbox 1058 1104 1120 1159; x_wconf 84' lang='lat'>700</span> 
     </span>
     <span class='ocr_line' id='line_1_10' title="bbox 160 1148 1128 1249; baseline 0.002 -18"><span class='ocrx_word' id='word_1_65' title='bbox 160 1148 282 1232; x_wconf 65' lang='lat' dir='ltr'>Omnes</span> <span class='ocrx_word' id='word_1_66' title='bbox 303 1170 433 1244; x_wconf 69' lang='lat' dir='ltr'>oderrnt,</span> <span class='ocrx_word' id='word_1_67' title='bbox 456 1170 488 1231; x_wconf 89' lang='lat' dir='ltr'>ni</span> <span class='ocrx_word' id='word_1_68' title='bbox 514 1173 609 1248; x_wconf 65' lang='lat' dir='ltr'>magis</span> <span class='ocrx_word' id='word_1_69' title='bbox 639 1182 669 1231; x_wconf 91' lang='lat' dir='ltr'>te</span> <span class='ocrx_word' id='word_1_70' title='bbox 699 1189 789 1246; x_wconf 86' lang='lat' dir='ltr'>quam</span> <span class='ocrx_word' id='word_1_71' title='bbox 820 1174 924 1233; x_wconf 79' lang='lat' dir='ltr'>oculos</span> <span class='ocrx_word' id='word_1_72' title='bbox 953 1191 1035 1231; x_wconf 88' lang='lat' dir='ltr'>nunc</span> <span class='ocrx_word' id='word_1_73' title='bbox 1065 1190 1128 1249; x_wconf 86' lang='lat' dir='ltr'>ego.</span> 
     </span>
    </p>
   </div>
   <div class='ocr_carea' id='block_1_4' title="bbox 427 1268 614 1321">
    <p class='ocr_par' dir='ltr' id='par_1_8' title="bbox 427 1268 614 1321">
     <span class='ocr_line' id='line_1_11' title="bbox 427 1268 614 1321; baseline 0 -1"><span class='ocrx_word' id='word_1_74' title='bbox 427 1268 497 1320; x_wconf 81' lang='lat' dir='ltr'>amo</span> <span class='ocrx_word' id='word_1_75' title='bbox 519 1279 614 1321; x_wconf 86' lang='lat' dir='ltr'>meos.</span> 
     </span>
    </p>
   </div>
   <div class='ocr_carea' id='block_1_5' title="bbox 148 1667 616 3647">
    <p class='ocr_par' dir='ltr' id='par_1_9' title="bbox 153 1667 616 2001">
     <span class='ocr_line' id='line_1_12' title="bbox 154 1667 616 1733; baseline 0 -17"><span class='ocrx_word' id='word_1_76' title='bbox 154 1682 208 1716; x_wconf 86' lang='lat' dir='ltr'>con</span> <span class='ocrx_word' id='word_1_77' title='bbox 233 1667 253 1715; x_wconf 89' lang='lat' dir='ltr'>il</span> <span class='ocrx_word' id='word_1_78' title='bbox 279 1667 402 1731; x_wconf 84' lang='lat' dir='ltr'>genitivo,</span> <span class='ocrx_word' id='word_1_79' title='bbox 427 1684 473 1733; x_wconf 89' lang='lat' dir='ltr'>per</span> <span class='ocrx_word' id='word_1_80' title='bbox 497 1668 616 1732; x_wconf 84' lang='lat' dir='ltr'>analogia</span> 
     </span>
     <span class='ocr_line' id='line_1_13' title="bbox 153 1737 614 1803; baseline 0.009 -18"><span class='ocrx_word' id='word_1_81' title='bbox 153 1738 184 1786; x_wconf 86' lang='lat' dir='ltr'>di</span> <span class='ocrx_word' id='word_1_82' title='bbox 204 1737 262 1786; x_wconf 78' lang='lat' dir='ltr'>altri</span> <span class='ocrx_word' id='word_1_83' title='bbox 281 1739 405 1802; x_wconf 83' lang='lat' dir='ltr'>aggettivi</span> <span class='ocrx_word' id='word_1_84' title='bbox 423 1739 450 1787; x_wconf 87' lang='lat' dir='ltr'>di</span> <span class='ocrx_word' id='word_1_85' title='bbox 468 1740 563 1803; x_wconf 87' lang='lat' dir='ltr'>uguale</span> <span class='ocrx_word' id='word_1_86' title='bbox 582 1740 614 1789; x_wconf 89' lang='lat' dir='ltr'>si·</span> 
     </span>
     <span class='ocr_line' id='line_1_14' title="bbox 157 1808 615 1875; baseline 0.007 -19"><span class='ocrx_word' id='word_1_87' title='bbox 157 1808 290 1872; x_wconf 83' lang='lat' dir='ltr'>gnificato,</span> <span class='ocrx_word' id='word_1_88' title='bbox 305 1810 314 1857; x_wconf 96' lang='lat' dir='ltr'>i</span> <span class='ocrx_word' id='word_1_89' title='bbox 324 1810 395 1875; x_wconf 88' lang='lat' dir='ltr'>quali</span> <span class='ocrx_word' id='word_1_90' title='bbox 409 1809 430 1858; x_wconf 87' lang='lat' dir='ltr'>si</span> <span class='ocrx_word' id='word_1_91' title='bbox 440 1810 615 1859; x_wconf 88' lang='lat' dir='ltr'>costruiscono</span> 
     </span>
     <span class='ocr_line' id='line_1_15' title="bbox 156 1879 614 1948; baseline 0.004 -20"><span class='ocrx_word' id='word_1_92' title='bbox 156 1894 210 1928; x_wconf 85' lang='lat' dir='ltr'>con</span> <span class='ocrx_word' id='word_1_93' title='bbox 229 1879 248 1927; x_wconf 90' lang='lat' dir='ltr'>il</span> <span class='ocrx_word' id='word_1_94' title='bbox 274 1880 397 1943; x_wconf 84' lang='lat' dir='ltr'>genitivo.</span> <span class='ocrx_word' id='word_1_95' title='bbox 421 1906 453 1916; x_wconf 89' lang='lat'><em>-</em></span> <span class='ocrx_word' id='word_1_96' title='bbox 474 1882 614 1948; x_wconf 22' lang='lat' dir='ltr'>eodem,ldi</span> 
     </span>
     <span class='ocr_line' id='line_1_16' title="bbox 156 1950 330 2001; baseline 0.017 -3"><span class='ocrx_word' id='word_1_97' title='bbox 156 1951 212 2000; x_wconf 87' lang='lat' dir='ltr'>due</span> <span class='ocrx_word' id='word_1_98' title='bbox 231 1950 330 2001; x_wconf 83' lang='lat' dir='ltr'>sillabe.</span> 
     </span>
    </p>

    <p class='ocr_par' dir='ltr' id='par_1_10' title="bbox 148 2021 616 2426">
     <span class='ocr_line' id='line_1_17' title="bbox 194 2021 616 2093; baseline 0.005 -25"><span class='ocrx_word' id='word_1_99' title='bbox 194 2021 257 2081; x_wconf 79' lang='lat'><strong>696.</strong></span> <span class='ocrx_word' id='word_1_100' title='bbox 271 2024 346 2071; x_wconf 85' lang='lat' dir='ltr'>duces</span> <span class='ocrx_word' id='word_1_101' title='bbox 360 2039 477 2083; x_wconf 83' lang='lat' dir='ltr'>uxorem,</span> <span class='ocrx_word' id='word_1_102' title='bbox 490 2022 534 2093; x_wconf 76' lang='lat' dir='ltr'>sel.</span> <span class='ocrx_word' id='word_1_103' title='bbox 548 2023 616 2071; x_wconf 80' lang='lat' dir='ltr'>hanc</span> 
     </span>
     <span class='ocr_line' id='line_1_18' title="bbox 158 2091 613 2159; baseline 0.004 -19"><span class='ocrx_word' id='word_1_104' title='bbox 158 2091 311 2141; x_wconf 83' lang='lat' dir='ltr'>facilmente</span> <span class='ocrx_word' id='word_1_105' title='bbox 324 2093 466 2143; x_wconf 84' lang='lat' dir='ltr'>sottinteso.</span> <span class='ocrx_word' id='word_1_106' title='bbox 486 2094 508 2142; x_wconf 89' lang='lat' dir='ltr'>E</span> <span class='ocrx_word' id='word_1_107' title='bbox 521 2100 613 2159; x_wconf 86' lang='lat' dir='ltr'>questo</span> 
     </span>
     <span class='ocr_line' id='line_1_19' title="bbox 154 2162 612 2229; baseline 0.004 -18"><span class='ocrx_word' id='word_1_108' title='bbox 154 2162 177 2211; x_wconf 93' lang='lat' dir='ltr'>il</span> <span class='ocrx_word' id='word_1_109' title='bbox 199 2164 343 2212; x_wconf 85' lang='lat' dir='ltr'>necessario</span> <span class='ocrx_word' id='word_1_110' title='bbox 367 2180 493 2213; x_wconf 87' lang='lat' dir='ltr'>consenso</span> <span class='ocrx_word' id='word_1_111' title='bbox 518 2164 612 2229; x_wconf 67' lang='lat' dir='ltr'>perche</span> 
     </span>
     <span class='ocr_line' id='line_1_20' title="bbox 150 2233 612 2285; baseline 0.002 -3"><span class='ocrx_word' id='word_1_112' title='bbox 150 2233 173 2282; x_wconf 92' lang='lat' dir='ltr'>il</span> <span class='ocrx_word' id='word_1_113' title='bbox 208 2234 372 2283; x_wconf 85' lang='lat' dir='ltr'>matrimonio</span> <span class='ocrx_word' id='word_1_114' title='bbox 409 2235 477 2285; x_wconf 86' lang='lat' dir='ltr'>fosse</span> <span class='ocrx_word' id='word_1_115' title='bbox 509 2235 612 2284; x_wconf 82' lang='lat' dir='ltr'>formal·</span> 
     </span>
     <span class='ocr_line' id='line_1_21' title="bbox 154 2305 611 2372; baseline 0.002 -19"><span class='ocrx_word' id='word_1_116' title='bbox 154 2312 247 2354; x_wconf 88' lang='lat' dir='ltr'>mente</span> <span class='ocrx_word' id='word_1_117' title='bbox 266 2306 445 2355; x_wconf 85' lang='lat' dir='ltr'>riconosciuto.</span> <span class='ocrx_word' id='word_1_118' title='bbox 468 2305 523 2355; x_wconf 84' lang='lat' dir='ltr'>Cfr.</span> <span class='ocrx_word' id='word_1_119' title='bbox 543 2307 611 2372; x_wconf 82' lang='lat' dir='ltr'><strong>App.</strong></span> 
     </span>
     <span class='ocr_line' id='line_1_22' title="bbox 148 2375 213 2426; baseline 0.015 -1"><span class='ocrx_word' id='word_1_120' title='bbox 148 2375 213 2426; x_wconf 84' lang='lat' dir='ltr'>crit.</span> 
     </span>
    </p>

    <p class='ocr_par' dir='ltr' id='par_1_11' title="bbox 191 2445 492 2513">
     <span class='ocr_line' id='line_1_23' title="bbox 191 2445 492 2513; baseline 0.003 -18"><span class='ocrx_word' id='word_1_121' title='bbox 191 2447 254 2508; x_wconf 86' lang='lat'><strong>697.</strong></span> <span class='ocrx_word' id='word_1_122' title='bbox 276 2445 330 2496; x_wconf 82' lang='lat' dir='ltr'>Csr.</span> <span class='ocrx_word' id='word_1_123' title='bbox 348 2449 417 2513; x_wconf 88' lang='lat' dir='ltr'><strong>App.</strong></span> <span class='ocrx_word' id='word_1_124' title='bbox 436 2447 492 2497; x_wconf 87' lang='lat' dir='ltr'>crit.</span> 
     </span>
    </p>

    <p class='ocr_par' dir='ltr' id='par_1_12' title="bbox 191 2516 570 2582">
     <span class='ocr_line' id='line_1_24' title="bbox 191 2516 570 2582; baseline 0.008 -17"><span class='ocrx_word' id='word_1_125' title='bbox 191 2516 254 2579; x_wconf 84' lang='lat'>698.</span> <span class='ocrx_word' id='word_1_126' title='bbox 275 2520 383 2567; x_wconf 80' lang='lat' dir='ltr'>misere:</span> <span class='ocrx_word' id='word_1_127' title='bbox 401 2518 446 2568; x_wconf 82' lang='lat' dir='ltr'>cfr.</span> <span class='ocrx_word' id='word_1_128' title='bbox 465 2535 489 2569; x_wconf 86' lang='lat' dir='ltr'>v.</span> <span class='ocrx_word' id='word_1_129' title='bbox 510 2528 570 2582; x_wconf 81' lang='grc'><strong>522.</strong></span> 
     </span>
    </p>

    <p class='ocr_par' dir='ltr' id='par_1_13' title="bbox 148 2589 612 3501">
     <span class='ocr_line' id='line_1_25' title="bbox 192 2589 611 2654; baseline 0.002 -17"><span class='ocrx_word' id='word_1_130' title='bbox 192 2589 254 2650; x_wconf 88' lang='grc'>699.</span> <span class='ocrx_word' id='word_1_131' title='bbox 274 2590 334 2648; x_wconf 81' lang='lat' dir='ltr'>Abi,</span> <span class='ocrx_word' id='word_1_132' title='bbox 349 2589 478 2654; x_wconf 87' lang='lat' dir='ltr'>pirrichio.</span> <span class='ocrx_word' id='word_1_133' title='bbox 493 2616 524 2625; x_wconf 90' lang='lat'><em>-</em></span> <span class='ocrx_word' id='word_1_134' title='bbox 545 2590 611 2647; x_wconf 80' lang='lat' dir='ltr'>deos,</span> 
     </span>
     <span class='ocr_line' id='line_1_26' title="bbox 150 2660 612 2724; baseline 0 -16"><span class='ocrx_word' id='word_1_135' title='bbox 150 2674 257 2709; x_wconf 90' lang='lat' dir='ltr'>monos.</span> <span class='ocrx_word' id='word_1_136' title='bbox 287 2675 333 2724; x_wconf 86' lang='lat' dir='ltr'>per</span> <span class='ocrx_word' id='word_1_137' title='bbox 357 2660 467 2712; x_wconf 84' lang='lat' dir='ltr'>sinizesi.</span> <span class='ocrx_word' id='word_1_138' title='bbox 492 2686 525 2696; x_wconf 95' lang='lat'>—</span> <span class='ocrx_word' id='word_1_139' title='bbox 553 2661 612 2708; x_wconf 84' lang='lat' dir='ltr'>deos</span> 
     </span>
     <span class='ocr_line' id='line_1_27' title="bbox 152 2738 612 2794; baseline -0.002 -15"><span class='ocrx_word' id='word_1_140' title='bbox 152 2738 327 2794; x_wconf 81' lang='lat' dir='ltr'>comprecare,</span> <span class='ocrx_word' id='word_1_141' title='bbox 350 2738 382 2780; x_wconf 84' lang='lat' dir='ltr'>ut</span> <span class='ocrx_word' id='word_1_142' title='bbox 400 2747 507 2779; x_wconf 80' lang='lat' dir='ltr'>uxorem</span> <span class='ocrx_word' id='word_1_143' title='bbox 526 2747 612 2779; x_wconf 83' lang='lat' dir='ltr'>accer-</span> 
     </span>
     <span class='ocr_line' id='line_1_28' title="bbox 150 2801 610 2865; baseline 0.002 -16"><span class='ocrx_word' id='word_1_144' title='bbox 150 2817 208 2850; x_wconf 86' lang='lat' dir='ltr'><em>sas.</em></span> <span class='ocrx_word' id='word_1_145' title='bbox 226 2801 317 2850; x_wconf 87' lang='lat' dir='ltr'>Anche</span> <span class='ocrx_word' id='word_1_146' title='bbox 330 2801 479 2865; x_wconf 86' lang='lat' dir='ltr'>Megadoro,</span> <span class='ocrx_word' id='word_1_147' title='bbox 495 2802 610 2850; x_wconf 84' lang='lat' dir='ltr'>nell’im-</span> 
     </span>
     <span class='ocr_line' id='line_1_29' title="bbox 151 2871 612 2936; baseline 0 -16"><span class='ocrx_word' id='word_1_148' title='bbox 151 2871 277 2936; x_wconf 84' lang='lat' dir='ltr'>minenza</span> <span class='ocrx_word' id='word_1_149' title='bbox 301 2871 369 2921; x_wconf 89' lang='lat' dir='ltr'>delle</span> <span class='ocrx_word' id='word_1_150' title='bbox 394 2887 477 2931; x_wconf 83' lang='lat' dir='ltr'>nozze,</span> <span class='ocrx_word' id='word_1_151' title='bbox 499 2873 556 2922; x_wconf 84' lang='lat' dir='ltr'>dice</span> <span class='ocrx_word' id='word_1_152' title='bbox 579 2872 612 2920; x_wconf 88' lang='lat' dir='ltr'>ad</span> 
     </span>
     <span class='ocr_line' id='line_1_30' title="bbox 151 2941 610 3007; baseline 0.002 -15"><span class='ocrx_word' id='word_1_153' title='bbox 151 2942 292 3003; x_wconf 85' lang='lat' dir='ltr'>Euclione,</span> <span class='ocrx_word' id='word_1_154' title='bbox 318 2944 383 2992; x_wconf 87' lang='lat' dir='ltr'><em>Aul.</em></span> <span class='ocrx_word' id='word_1_155' title='bbox 409 2953 459 3007; x_wconf 81' lang='lat'>579</span> <span class='ocrx_word' id='word_1_156' title='bbox 489 2941 610 3007; x_wconf 79' lang='lat' dir='ltr'>(Goetz):</span> 
     </span>
     <span class='ocr_line' id='line_1_31' title="bbox 148 3011 611 3077; baseline 0 -14"><span class='ocrx_word' id='word_1_157' title='bbox 148 3014 213 3077; x_wconf 80' lang='lat' dir='ltr'>Ego</span> <span class='ocrx_word' id='word_1_158' title='bbox 235 3014 290 3061; x_wconf 84' lang='lat' dir='ltr'>m&#39;si</span> <span class='ocrx_word' id='word_1_159' title='bbox 312 3015 378 3077; x_wconf 78' lang='lat' dir='ltr'><em>quid</em></span> <span class='ocrx_word' id='word_1_160' title='bbox 400 3031 438 3062; x_wconf 84' lang='lat' dir='ltr'>me</span> <span class='ocrx_word' id='word_1_161' title='bbox 456 3016 507 3072; x_wconf 77' lang='lat' dir='ltr'>uis,</span> <span class='ocrx_word' id='word_1_162' title='bbox 526 3031 553 3062; x_wconf 81' lang='lat' dir='ltr'>eo</span> <span class='ocrx_word' id='word_1_163' title='bbox 572 3011 611 3063; x_wconf 78' lang='lat' dir='ltr'>la·</span> 
     </span>
     <span class='ocr_line' id='line_1_32' title="bbox 152 3086 611 3151; baseline 0 -18"><span class='ocrx_word' id='word_1_164' title='bbox 152 3091 260 3141; x_wconf 80' lang='lat' dir='ltr'>uatum,</span> <span class='ocrx_word' id='word_1_165' title='bbox 273 3092 306 3134; x_wconf 84' lang='lat' dir='ltr'>ut</span> <span class='ocrx_word' id='word_1_166' title='bbox 318 3086 468 3151; x_wconf 81' lang='lat' dir='ltr'>sacruficem</span> <span class='ocrx_word' id='word_1_167' title='bbox 473 3101 485 3141; x_wconf 84' lang='lat'>,·</span> <span class='ocrx_word' id='word_1_168' title='bbox 496 3100 511 3133; x_wconf 89' lang='lat' dir='ltr'>a</span> <span class='ocrx_word' id='word_1_169' title='bbox 530 3093 611 3150; x_wconf 84' lang='lat' dir='ltr'>punto</span> 
     </span>
     <span class='ocr_line' id='line_1_33' title="bbox 151 3150 611 3221; baseline 0.009 -19"><span class='ocrx_word' id='word_1_170' title='bbox 151 3150 252 3221; x_wconf 71' lang='lat' dir='ltr'>perche</span> <span class='ocrx_word' id='word_1_171' title='bbox 277 3175 290 3200; x_wconf 78' lang='grc' dir='ltr'><strong><em>ι</em></strong></span> <span class='ocrx_word' id='word_1_172' title='bbox 311 3156 380 3220; x_wconf 88' lang='lat' dir='ltr'>apud</span> <span class='ocrx_word' id='word_1_173' title='bbox 404 3163 502 3205; x_wconf 84' lang='lat' dir='ltr'>veteres</span> <span class='ocrx_word' id='word_1_174' title='bbox 527 3171 611 3221; x_wconf 85' lang='lat' dir='ltr'>neque</span> 
     </span>
     <span class='ocr_line' id='line_1_34' title="bbox 151 3222 612 3292; baseline 0.002 -18"><span class='ocrx_word' id='word_1_175' title='bbox 151 3222 222 3274; x_wconf 71' lang='lat' dir='ltr'>inor</span> <span class='ocrx_word' id='word_1_176' title='bbox 252 3226 312 3275; x_wconf 85' lang='lat' dir='ltr'>duci</span> <span class='ocrx_word' id='word_1_177' title='bbox 342 3242 427 3292; x_wconf 86' lang='lat' dir='ltr'>neque</span> <span class='ocrx_word' id='word_1_178' title='bbox 458 3242 520 3291; x_wconf 84' lang='lat' dir='ltr'>ager</span> <span class='ocrx_word' id='word_1_179' title='bbox 547 3228 612 3275; x_wconf 82' lang='lat' dir='ltr'>arari</span> 
     </span>
     <span class='ocr_line' id='line_1_35' title="bbox 150 3296 610 3363; baseline 0.004 -18"><span class='ocrx_word' id='word_1_180' title='bbox 150 3296 211 3346; x_wconf 79' lang='lat' dir='ltr'>sine</span> <span class='ocrx_word' id='word_1_181' title='bbox 221 3296 352 3347; x_wconf 83' lang='lat' dir='ltr'>sacrificiis</span> <span class='ocrx_word' id='word_1_182' title='bbox 364 3296 474 3363; x_wconf 80' lang='lat' dir='ltr'>peractis</span> <span class='ocrx_word' id='word_1_183' title='bbox 486 3305 586 3363; x_wconf 87' lang='lat' dir='ltr'>poterat</span> <span class='ocrx_word' id='word_1_184' title='bbox 598 3316 610 3341; x_wconf 73' lang='grc' dir='ltr'><strong><em>ι</em></strong></span> 
     </span>
     <span class='ocr_line' id='line_1_36' title="bbox 152 3366 610 3433; baseline 0 -16"><span class='ocrx_word' id='word_1_185' title='bbox 152 3366 240 3431; x_wconf 86' lang='lat' dir='ltr'>(Serv.</span> <span class='ocrx_word' id='word_1_186' title='bbox 253 3384 268 3416; x_wconf 88' lang='lat' dir='ltr'>a</span> <span class='ocrx_word' id='word_1_187' title='bbox 286 3367 358 3433; x_wconf 85' lang='lat' dir='ltr'>Virg.</span> <span class='ocrx_word' id='word_1_188' title='bbox 372 3371 437 3417; x_wconf 84' lang='lat' dir='ltr'>Aen.</span> <span class='ocrx_word' id='word_1_189' title='bbox 453 3381 477 3431; x_wconf 88' lang='lat'>3,</span> <span class='ocrx_word' id='word_1_190' title='bbox 495 3368 563 3433; x_wconf 82' lang='lat'>136).</span> <span class='ocrx_word' id='word_1_191' title='bbox 577 3394 610 3404; x_wconf 94' lang='lat'>-</span> 
     </span>
     <span class='ocr_line' id='line_1_37' title="bbox 150 3439 479 3501; baseline 0.018 -14"><span class='ocrx_word' id='word_1_192' title='bbox 150 3454 291 3498; x_wconf 83' lang='lat' dir='ltr'>accersas‚·</span> <span class='ocrx_word' id='word_1_193' title='bbox 309 3439 356 3490; x_wconf 83' lang='lat' dir='ltr'>cfr.</span> <span class='ocrx_word' id='word_1_194' title='bbox 374 3457 398 3489; x_wconf 87' lang='lat' dir='ltr'>v.</span> <span class='ocrx_word' id='word_1_195' title='bbox 418 3452 479 3501; x_wconf 82' lang='grc'><strong>292.</strong></span> 
     </span>
    </p>

    <p class='ocr_par' dir='ltr' id='par_1_14' title="bbox 154 3511 614 3647">
     <span class='ocr_line' id='line_1_38' title="bbox 192 3511 613 3572; baseline 0 -14"><span class='ocrx_word' id='word_1_196' title='bbox 192 3520 255 3572; x_wconf 83' lang='grc'><strong>700.</strong></span> <span class='ocrx_word' id='word_1_197' title='bbox 280 3511 331 3559; x_wconf 82' lang='lat' dir='ltr'>iam</span> <span class='ocrx_word' id='word_1_198' title='bbox 357 3514 510 3560; x_wconf 65' lang='lat' dir='ltr'>uxorem)...</span> <span class='ocrx_word' id='word_1_199' title='bbox 534 3512 613 3560; x_wconf 74' lang='lat' dir='ltr'>Iam)</span> 
     </span>
     <span class='ocr_line' id='line_1_39' title="bbox 154 3580 614 3647; baseline -0.002 -16"><span class='ocrx_word' id='word_1_200' title='bbox 154 3580 273 3631; x_wconf 83' lang='lat' dir='ltr'>Eschino</span> <span class='ocrx_word' id='word_1_201' title='bbox 304 3582 380 3647; x_wconf 83' lang='lat' dir='ltr'>quasi</span> <span class='ocrx_word' id='word_1_202' title='bbox 409 3597 463 3630; x_wconf 86' lang='lat' dir='ltr'>non</span> <span class='ocrx_word' id='word_1_203' title='bbox 493 3582 569 3631; x_wconf 84' lang='lat' dir='ltr'>crede</span> <span class='ocrx_word' id='word_1_204' title='bbox 598 3598 614 3629; x_wconf 98' lang='grc'><strong>2</strong></span> 
     </span>
    </p>
   </div>
   <div class='ocr_carea' id='block_1_6' title="bbox 664 1663 1124 3644">
    <p class='ocr_par' dir='ltr' id='par_1_15' title="bbox 665 1663 1123 2228">
     <span class='ocr_line' id='line_1_40' title="bbox 669 1663 1122 1734; baseline -0.009 -17"><span class='ocrx_word' id='word_1_205' title='bbox 669 1676 760 1734; x_wconf 83' lang='lat' dir='ltr'>questa</span> <span class='ocrx_word' id='word_1_206' title='bbox 796 1667 865 1732; x_wconf 85' lang='lat' dir='ltr'>gioia</span> <span class='ocrx_word' id='word_1_207' title='bbox 895 1667 1048 1731; x_wconf 81' lang='lat' dir='ltr'>inaspettata</span> <span class='ocrx_word' id='word_1_208' title='bbox 1077 1663 1122 1714; x_wconf 83' lang='lat' dir='ltr'>del</span> 
     </span>
     <span class='ocr_line' id='line_1_41' title="bbox 668 1735 1121 1788; baseline -0.011 0"><span class='ocrx_word' id='word_1_209' title='bbox 668 1739 883 1788; x_wconf 84' lang='lat' dir='ltr'>riconoscimento</span> <span class='ocrx_word' id='word_1_210' title='bbox 911 1738 938 1786; x_wconf 92' lang='lat' dir='ltr'>di</span> <span class='ocrx_word' id='word_1_211' title='bbox 963 1736 1061 1786; x_wconf 84' lang='lat' dir='ltr'>Panfila</span> <span class='ocrx_word' id='word_1_212' title='bbox 1087 1735 1121 1784; x_wconf 89' lang='lat' dir='ltr'>da</span> 
     </span>
     <span class='ocr_line' id='line_1_42' title="bbox 669 1807 1120 1875; baseline -0.011 -16"><span class='ocrx_word' id='word_1_213' title='bbox 669 1817 741 1875; x_wconf 84' lang='lat' dir='ltr'>parte</span> <span class='ocrx_word' id='word_1_214' title='bbox 770 1810 797 1858; x_wconf 88' lang='lat' dir='ltr'>di</span> <span class='ocrx_word' id='word_1_215' title='bbox 822 1826 869 1857; x_wconf 87' lang='lat' dir='ltr'>suo</span> <span class='ocrx_word' id='word_1_216' title='bbox 896 1810 974 1873; x_wconf 86' lang='lat' dir='ltr'>padre</span> <span class='ocrx_word' id='word_1_217' title='bbox 998 1807 1120 1856; x_wconf 84' lang='lat' dir='ltr'>adottivo.</span> 
     </span>
     <span class='ocr_line' id='line_1_43' title="bbox 668 1869 1122 1945; baseline -0.009 -16"><span class='ocrx_word' id='word_1_218' title='bbox 668 1882 755 1929; x_wconf 86' lang='lat' dir='ltr'>Tanto</span> <span class='ocrx_word' id='word_1_219' title='bbox 774 1877 819 1945; x_wconf 65' lang='lat' dir='ltr'>pia</span> <span class='ocrx_word' id='word_1_220' title='bbox 838 1881 885 1929; x_wconf 86' lang='lat' dir='ltr'>che</span> <span class='ocrx_word' id='word_1_221' title='bbox 904 1880 956 1943; x_wconf 85' lang='lat' dir='ltr'>egli</span> <span class='ocrx_word' id='word_1_222' title='bbox 974 1879 1008 1927; x_wconf 90' lang='lat' dir='ltr'>ha</span> <span class='ocrx_word' id='word_1_223' title='bbox 1026 1869 1122 1941; x_wconf 56' lang='grc'><strong>91112-</strong></span> 
     </span>
     <span class='ocr_line' id='line_1_44' title="bbox 669 1947 1121 2001; baseline -0.009 -1"><span class='ocrx_word' id='word_1_224' title='bbox 669 1952 789 2001; x_wconf 81' lang='lat' dir='ltr'>dovinato</span> <span class='ocrx_word' id='word_1_225' title='bbox 814 1952 860 2000; x_wconf 87' lang='lat' dir='ltr'>che</span> <span class='ocrx_word' id='word_1_226' title='bbox 887 1950 905 1998; x_wconf 86' lang='lat' dir='ltr'>il</span> <span class='ocrx_word' id='word_1_227' title='bbox 931 1965 1057 1999; x_wconf 87' lang='lat' dir='ltr'>consenso</span> <span class='ocrx_word' id='word_1_228' title='bbox 1078 1947 1121 1997; x_wconf 87' lang='lat' dir='ltr'>del</span> 
     </span>
     <span class='ocr_line' id='line_1_45' title="bbox 668 2016 1122 2087; baseline -0.009 -16"><span class='ocrx_word' id='word_1_229' title='bbox 668 2023 748 2087; x_wconf 84' lang='lat' dir='ltr'>padre</span> <span class='ocrx_word' id='word_1_230' title='bbox 772 2022 798 2070; x_wconf 89' lang='lat' dir='ltr'>al</span> <span class='ocrx_word' id='word_1_231' title='bbox 826 2021 988 2071; x_wconf 85' lang='lat' dir='ltr'>matrimonio</span> <span class='ocrx_word' id='word_1_232' title='bbox 1014 2016 1028 2068; x_wconf 73' lang='grc' dir='ltr'>ὲ</span> <span class='ocrx_word' id='word_1_233' title='bbox 1055 2026 1122 2068; x_wconf 85' lang='lat' dir='ltr'>stato</span> 
     </span>
     <span class='ocr_line' id='line_1_46' title="bbox 665 2092 1118 2144; baseline -0.004 -3"><span class='ocrx_word' id='word_1_234' title='bbox 665 2094 726 2142; x_wconf 83' lang='lat' dir='ltr'>dato</span> <span class='ocrx_word' id='word_1_235' title='bbox 747 2094 827 2143; x_wconf 86' lang='lat' dir='ltr'>anche</span> <span class='ocrx_word' id='word_1_236' title='bbox 846 2094 873 2141; x_wconf 90' lang='lat' dir='ltr'>in</span> <span class='ocrx_word' id='word_1_237' title='bbox 886 2108 944 2140; x_wconf 85' lang='lat' dir='ltr'>casa</span> <span class='ocrx_word' id='word_1_238' title='bbox 959 2092 985 2139; x_wconf 91' lang='lat' dir='ltr'>di</span> <span class='ocrx_word' id='word_1_239' title='bbox 997 2092 1118 2144; x_wconf 81' lang='lat' dir='ltr'>Sostrata.</span> 
     </span>
     <span class='ocr_line' id='line_1_47' title="bbox 668 2162 1123 2228; baseline -0.009 -15"><span class='ocrx_word' id='word_1_240' title='bbox 668 2192 699 2200; x_wconf 90' lang='lat'><em>-</em></span> <span class='ocrx_word' id='word_1_241' title='bbox 714 2172 842 2228; x_wconf 81' lang='lat' dir='ltr'>quantum</span> <span class='ocrx_word' id='word_1_242' title='bbox 852 2170 950 2228; x_wconf 81' lang='lat' dir='ltr'>potest:</span> <span class='ocrx_word' id='word_1_243' title='bbox 963 2162 1009 2212; x_wconf 88' lang='lat' dir='ltr'>cfr.</span> <span class='ocrx_word' id='word_1_244' title='bbox 1023 2178 1044 2209; x_wconf 88' lang='lat' dir='ltr'>v.</span> <span class='ocrx_word' id='word_1_245' title='bbox 1059 2171 1123 2225; x_wconf 84' lang='lat'><strong>350.</strong></span> 
     </span>
    </p>

    <p class='ocr_par' dir='ltr' id='par_1_16' title="bbox 664 2234 1124 3644">
     <span class='ocr_line' id='line_1_48' title="bbox 702 2234 1118 2299; baseline -0.007 -16"><span class='ocrx_word' id='word_1_246' title='bbox 702 2246 762 2297; x_wconf 86' lang='lat'><em>701.</em></span> <span class='ocrx_word' id='word_1_247' title='bbox 794 2237 883 2299; x_wconf 84' lang='lat' dir='ltr'>magis,</span> <span class='ocrx_word' id='word_1_248' title='bbox 919 2234 1048 2298; x_wconf 86' lang='lat' dir='ltr'>pirrichio.</span> <span class='ocrx_word' id='word_1_249' title='bbox 1085 2256 1118 2267; x_wconf 92' lang='lat'><em>-</em></span> 
     </span>
     <span class='ocr_line' id='line_1_49' title="bbox 666 2307 1121 2370; baseline -0.009 -15"><span class='ocrx_word' id='word_1_250' title='bbox 666 2323 744 2370; x_wconf 86' lang='lat' dir='ltr'>quam</span> <span class='ocrx_word' id='word_1_251' title='bbox 776 2307 860 2355; x_wconf 85' lang='lat' dir='ltr'>oculos</span> <span class='ocrx_word' id='word_1_252' title='bbox 888 2321 959 2352; x_wconf 85' lang='lat' dir='ltr'>nunc</span> <span class='ocrx_word' id='word_1_253' title='bbox 990 2322 1032 2370; x_wconf 81' lang='lat' dir='ltr'>ego</span> <span class='ocrx_word' id='word_1_254' title='bbox 1063 2319 1121 2352; x_wconf 85' lang='lat' dir='ltr'>amo</span> 
     </span>
     <span class='ocr_line' id='line_1_50' title="bbox 665 2375 1123 2438; baseline -0.009 -12"><span class='ocrx_word' id='word_1_255' title='bbox 665 2394 751 2426; x_wconf 68' lang='lat' dir='ltr'>meoss</span> <span class='ocrx_word' id='word_1_256' title='bbox 778 2376 935 2426; x_wconf 77' lang='lat' dir='ltr'>similmenre</span> <span class='ocrx_word' id='word_1_257' title='bbox 962 2375 987 2424; x_wconf 86' lang='lat' dir='ltr'>al</span> <span class='ocrx_word' id='word_1_258' title='bbox 1017 2391 1040 2424; x_wconf 90' lang='lat' dir='ltr'>v.</span> <span class='ocrx_word' id='word_1_259' title='bbox 1068 2387 1123 2438; x_wconf 79' lang='lat'>903</span> 
     </span>
     <span class='ocr_line' id='line_1_51' title="bbox 668 2447 1123 2510; baseline -0.002 -14"><span class='ocrx_word' id='word_1_260' title='bbox 668 2449 721 2508; x_wconf 80' lang='lat' dir='ltr'>Qui</span> <span class='ocrx_word' id='word_1_261' title='bbox 738 2456 761 2498; x_wconf 85' lang='lat' dir='ltr'>te</span> <span class='ocrx_word' id='word_1_262' title='bbox 779 2456 851 2495; x_wconf 84' lang='lat' dir='ltr'>amat</span> <span class='ocrx_word' id='word_1_263' title='bbox 867 2448 930 2510; x_wconf 84' lang='lat' dir='ltr'>plus</span> <span class='ocrx_word' id='word_1_264' title='bbox 953 2463 1031 2510; x_wconf 87' lang='lat' dir='ltr'>quam</span> <span class='ocrx_word' id='word_1_265' title='bbox 1049 2447 1123 2495; x_wconf 80' lang='lat' dir='ltr'>hosce</span> 
     </span>
     <span class='ocr_line' id='line_1_52' title="bbox 666 2516 1121 2582; baseline 0 -16"><span class='ocrx_word' id='word_1_266' title='bbox 666 2520 760 2568; x_wconf 85' lang='lat' dir='ltr'>oculos.</span> <span class='ocrx_word' id='word_1_267' title='bbox 785 2518 820 2566; x_wconf 92' lang='lat' dir='ltr'>Di</span> <span class='ocrx_word' id='word_1_268' title='bbox 846 2525 936 2582; x_wconf 86' lang='lat' dir='ltr'>questa</span> <span class='ocrx_word' id='word_1_269' title='bbox 961 2516 1121 2581; x_wconf 87' lang='lat' dir='ltr'>espressione</span> 
     </span>
     <span class='ocr_line' id='line_1_53' title="bbox 666 2588 1119 2652; baseline -0.007 -14"><span class='ocrx_word' id='word_1_270' title='bbox 666 2590 745 2638; x_wconf 81' lang='lat' dir='ltr'>abusa</span> <span class='ocrx_word' id='word_1_271' title='bbox 759 2608 774 2639; x_wconf 83' lang='lat' dir='ltr'>a</span> <span class='ocrx_word' id='word_1_272' title='bbox 786 2589 903 2638; x_wconf 85' lang='lat' dir='ltr'>dirittura</span> <span class='ocrx_word' id='word_1_273' title='bbox 922 2588 1039 2636; x_wconf 88' lang='lat' dir='ltr'>Catullo:</span> <span class='ocrx_word' id='word_1_274' title='bbox 1056 2596 1119 2652; x_wconf 79' lang='lat' dir='ltr'>pas·</span> 
     </span>
     <span class='ocr_line' id='line_1_54' title="bbox 666 2658 1120 2722; baseline -0.004 -14"><span class='ocrx_word' id='word_1_275' title='bbox 666 2676 708 2708; x_wconf 83' lang='lat' dir='ltr'>ser</span> <span class='ocrx_word' id='word_1_276' title='bbox 720 2696 725 2709; x_wconf 94' lang='lat'>.</span> <span class='ocrx_word' id='word_1_277' title='bbox 737 2694 760 2709; x_wconf 92' lang='lat'>..</span> <span class='ocrx_word' id='word_1_278' title='bbox 783 2661 861 2720; x_wconf 85' lang='lat' dir='ltr'>Quem</span> <span class='ocrx_word' id='word_1_279' title='bbox 876 2660 940 2722; x_wconf 84' lang='lat' dir='ltr'>plus</span> <span class='ocrx_word' id='word_1_280' title='bbox 965 2658 1012 2708; x_wconf 84' lang='lat' dir='ltr'>illa</span> <span class='ocrx_word' id='word_1_281' title='bbox 1037 2658 1120 2706; x_wconf 84' lang='lat' dir='ltr'>oculis</span> 
     </span>
     <span class='ocr_line' id='line_1_55' title="bbox 665 2728 1120 2792; baseline -0.007 -13"><span class='ocrx_word' id='word_1_282' title='bbox 665 2731 721 2779; x_wconf 81' lang='lat' dir='ltr'>suis</span> <span class='ocrx_word' id='word_1_283' title='bbox 739 2735 844 2779; x_wconf 79' lang='lat' dir='ltr'>amabat</span> <span class='ocrx_word' id='word_1_284' title='bbox 860 2730 961 2792; x_wconf 82' lang='lat' dir='ltr'>(Carm.</span> <span class='ocrx_word' id='word_1_285' title='bbox 981 2741 1004 2791; x_wconf 84' lang='lat'>3,</span> <span class='ocrx_word' id='word_1_286' title='bbox 1024 2743 1042 2790; x_wconf 83' lang='lat'>4</span> <span class='ocrx_word' id='word_1_287' title='bbox 1060 2728 1120 2792; x_wconf 84' lang='lat' dir='ltr'>sg.),</span> 
     </span>
     <span class='ocr_line' id='line_1_56' title="bbox 665 2801 1123 2865; baseline -0.002 -16"><span class='ocrx_word' id='word_1_288' title='bbox 665 2801 707 2850; x_wconf 87' lang='lat' dir='ltr'>Ni</span> <span class='ocrx_word' id='word_1_289' title='bbox 717 2808 741 2851; x_wconf 79' lang='lat' dir='ltr'>te</span> <span class='ocrx_word' id='word_1_290' title='bbox 755 2801 818 2865; x_wconf 83' lang='lat' dir='ltr'>plus</span> <span class='ocrx_word' id='word_1_291' title='bbox 837 2801 917 2848; x_wconf 79' lang='lat' dir='ltr'>oculis</span> <span class='ocrx_word' id='word_1_292' title='bbox 930 2801 990 2848; x_wconf 86' lang='lat' dir='ltr'>meis</span> <span class='ocrx_word' id='word_1_293' title='bbox 1006 2814 1123 2848; x_wconf 81' lang='lat' dir='ltr'>amarem</span> 
     </span>
     <span class='ocr_line' id='line_1_57' title="bbox 664 2868 1119 2943; baseline -0.011 -22"><span class='ocrx_word' id='word_1_294' title='bbox 664 2868 720 2936; x_wconf 89' lang='lat'>(14,</span> <span class='ocrx_word' id='word_1_295' title='bbox 743 2873 779 2934; x_wconf 87' lang='lat'>1);</span> <span class='ocrx_word' id='word_1_296' title='bbox 800 2871 844 2943; x_wconf 67' lang='lat' dir='ltr'>cfr.</span> <span class='ocrx_word' id='word_1_297' title='bbox 859 2886 951 2919; x_wconf 87' lang='lat' dir='ltr'>ancora</span> <span class='ocrx_word' id='word_1_298' title='bbox 964 2868 1005 2930; x_wconf 82' lang='lat'>82,</span> <span class='ocrx_word' id='word_1_299' title='bbox 1024 2883 1034 2919; x_wconf 89' lang='lat'>1</span> <span class='ocrx_word' id='word_1_300' title='bbox 1050 2884 1119 2933; x_wconf 84' lang='lat' dir='ltr'>sgg.;</span> 
     </span>
     <span class='ocr_line' id='line_1_58' title="bbox 669 2941 1121 3004; baseline -0.002 -13"><span class='ocrx_word' id='word_1_301' title='bbox 669 2955 727 3004; x_wconf 86' lang='lat'>104,</span> <span class='ocrx_word' id='word_1_302' title='bbox 756 2954 779 2993; x_wconf 89' lang='lat'>2.</span> <span class='ocrx_word' id='word_1_303' title='bbox 806 2945 829 2993; x_wconf 90' lang='lat' dir='ltr'>E</span> <span class='ocrx_word' id='word_1_304' title='bbox 853 2942 934 2991; x_wconf 85' lang='lat' dir='ltr'>anche</span> <span class='ocrx_word' id='word_1_305' title='bbox 958 2941 1023 2989; x_wconf 85' lang='lat' dir='ltr'>assai</span> <span class='ocrx_word' id='word_1_306' title='bbox 1048 2947 1121 2990; x_wconf 83' lang='lat' dir='ltr'>usata</span> 
     </span>
     <span class='ocr_line' id='line_1_59' title="bbox 665 3011 1122 3078; baseline -0.002 -17"><span class='ocrx_word' id='word_1_307' title='bbox 665 3014 736 3078; x_wconf 84' lang='lat' dir='ltr'>dagli</span> <span class='ocrx_word' id='word_1_308' title='bbox 742 3012 918 3070; x_wconf 86' lang='lat' dir='ltr'>alessandrini,</span> <span class='ocrx_word' id='word_1_309' title='bbox 929 3011 1122 3061; x_wconf 83' lang='lat' dir='ltr'>all&#39;imitazione</span> 
     </span>
     <span class='ocr_line' id='line_1_60' title="bbox 665 3080 1118 3150; baseline -0.009 -17"><span class='ocrx_word' id='word_1_310' title='bbox 665 3085 707 3134; x_wconf 87' lang='lat' dir='ltr'>dei</span> <span class='ocrx_word' id='word_1_311' title='bbox 727 3084 797 3150; x_wconf 82' lang='lat' dir='ltr'>quali</span> <span class='ocrx_word' id='word_1_312' title='bbox 816 3080 830 3131; x_wconf 81' lang='grc' dir='ltr'>ὲ</span> <span class='ocrx_word' id='word_1_313' title='bbox 850 3083 919 3133; x_wconf 86' lang='lat' dir='ltr'>forse</span> <span class='ocrx_word' id='word_1_314' title='bbox 937 3083 1033 3131; x_wconf 85' lang='lat' dir='ltr'>dovuto</span> <span class='ocrx_word' id='word_1_315' title='bbox 1052 3082 1071 3130; x_wconf 86' lang='lat' dir='ltr'>il</span> <span class='ocrx_word' id='word_1_316' title='bbox 1085 3081 1118 3130; x_wconf 85' lang='lat' dir='ltr'>ri·</span> 
     </span>
     <span class='ocr_line' id='line_1_61' title="bbox 665 3151 1122 3219; baseline -0.007 -14"><span class='ocrx_word' id='word_1_317' title='bbox 665 3171 764 3205; x_wconf 83' lang='lat' dir='ltr'>correre</span> <span class='ocrx_word' id='word_1_318' title='bbox 783 3153 835 3204; x_wconf 81' lang='lat' dir='ltr'>cosi</span> <span class='ocrx_word' id='word_1_319' title='bbox 855 3153 988 3219; x_wconf 81' lang='lat' dir='ltr'>frequente</span> <span class='ocrx_word' id='word_1_320' title='bbox 1014 3153 1041 3201; x_wconf 87' lang='lat' dir='ltr'>di</span> <span class='ocrx_word' id='word_1_321' title='bbox 1066 3151 1122 3202; x_wconf 84' lang='lat' dir='ltr'>tale</span> 
     </span>
     <span class='ocr_line' id='line_1_62' title="bbox 666 3222 1119 3291; baseline -0.011 -15"><span class='ocrx_word' id='word_1_322' title='bbox 666 3227 826 3291; x_wconf 88' lang='lat' dir='ltr'>espressione</span> <span class='ocrx_word' id='word_1_323' title='bbox 840 3225 872 3274; x_wconf 86' lang='lat' dir='ltr'>.in</span> <span class='ocrx_word' id='word_1_324' title='bbox 891 3224 1011 3285; x_wconf 84' lang='lat' dir='ltr'>Catullo;</span> <span class='ocrx_word' id='word_1_325' title='bbox 1031 3224 1077 3272; x_wconf 87' lang='lat' dir='ltr'>cfr.</span> <span class='ocrx_word' id='word_1_326' title='bbox 1099 3222 1119 3271; x_wconf 90' lang='lat' dir='ltr'>il</span> 
     </span>
     <span class='ocr_line' id='line_1_63' title="bbox 667 3293 1120 3362; baseline -0.009 -16"><span class='ocrx_word' id='word_1_327' title='bbox 667 3298 720 3346; x_wconf 87' lang='lat' dir='ltr'>mio</span> <span class='ocrx_word' id='word_1_328' title='bbox 745 3297 839 3362; x_wconf 78' lang='lat' dir='ltr'>Saggio</span> <span class='ocrx_word' id='word_1_329' title='bbox 863 3296 892 3345; x_wconf 76' lang='lat' dir='ltr'>di</span> <span class='ocrx_word' id='word_1_330' title='bbox 918 3298 1009 3345; x_wconf 76' lang='lat' dir='ltr'>critica</span> <span class='ocrx_word' id='word_1_331' title='bbox 1038 3293 1120 3344; x_wconf 81' lang='lat' dir='ltr'>catul-</span> 
     </span>
     <span class='ocr_line' id='line_1_64' title="bbox 665 3365 1122 3433; baseline -0.007 -17"><span class='ocrx_word' id='word_1_332' title='bbox 665 3369 746 3428; x_wconf 80' lang='lat' dir='ltr'>liana,</span> <span class='ocrx_word' id='word_1_333' title='bbox 776 3365 852 3427; x_wconf 85' lang='lat'>1899,</span> <span class='ocrx_word' id='word_1_334' title='bbox 882 3384 926 3433; x_wconf 91' lang='lat' dir='ltr'>pp.</span> <span class='ocrx_word' id='word_1_335' title='bbox 953 3377 986 3430; x_wconf 85' lang='lat'>77</span> <span class='ocrx_word' id='word_1_336' title='bbox 1013 3382 1076 3430; x_wconf 86' lang='lat' dir='ltr'>sgg.,</span> <span class='ocrx_word' id='word_1_337' title='bbox 1105 3380 1122 3416; x_wconf 81' lang='lat' dir='ltr'>a</span> 
     </span>
     <span class='ocr_line' id='line_1_65' title="bbox 665 3431 1124 3503; baseline -0.004 -15"><span class='ocrx_word' id='word_1_338' title='bbox 665 3439 762 3497; x_wconf 89' lang='lat' dir='ltr'>Mosco,</span> <span class='ocrx_word' id='word_1_339' title='bbox 794 3452 818 3498; x_wconf 88' lang='lat'>4,</span> <span class='ocrx_word' id='word_1_340' title='bbox 846 3454 863 3503; x_wconf 88' lang='lat'>9</span> <span class='ocrx_word' id='word_1_341' title='bbox 900 3434 944 3487; x_wconf 76' lang='grc' dir='ltr'>τὸν</span> <span class='ocrx_word' id='word_1_342' title='bbox 979 3432 1044 3501; x_wconf 71' lang='grc' dir='ltr'>μὲσ</span> <span class='ocrx_word' id='word_1_343' title='bbox 1065 3431 1124 3501; x_wconf 72' lang='grc' dir='ltr'>ἐγὼ</span> 
     </span>
     <span class='ocr_line' id='line_1_66' title="bbox 665 3503 1122 3572; baseline -0.004 -14"><span class='ocrx_word' id='word_1_344' title='bbox 665 3507 769 3558; x_wconf 76' lang='grc' dir='ltr'><strong><em>τίεσκον</em></strong></span> <span class='ocrx_word' id='word_1_345' title='bbox 788 3506 845 3558; x_wconf 80' lang='grc' dir='ltr'><strong><em>ἴσον</em></strong></span> <span class='ocrx_word' id='word_1_346' title='bbox 864 3505 988 3572; x_wconf 79' lang='grc' dir='ltr'><strong><em>φαέεσσιν</em></strong></span> <span class='ocrx_word' id='word_1_347' title='bbox 1000 3503 1122 3572; x_wconf 60' lang='lat' dir='ltr'>§palm</span> 
     </span>
     <span class='ocr_line' id='line_1_67' title="bbox 665 3581 969 3644; baseline -0.003 -13"><span class='ocrx_word' id='word_1_348' title='bbox 665 3581 757 3631; x_wconf 87' lang='lat' dir='ltr'>Teocr.</span> <span class='ocrx_word' id='word_1_349' title='bbox 780 3592 820 3639; x_wconf 84' lang='lat'>11,</span> <span class='ocrx_word' id='word_1_350' title='bbox 840 3588 895 3644; x_wconf 62' lang='lat'>533</span> <span class='ocrx_word' id='word_1_351' title='bbox 913 3594 969 3630; x_wconf 75' lang='grc'><strong>000.</strong></span> 
     </span>
    </p>
   </div>
   <div class='ocr_carea' id='block_1_7' title="bbox 0 0 1430 4259">
    <p class='ocr_par' dir='ltr' id='par_1_17' title="bbox 0 0 1430 4259">
     <span class='ocr_line' id='line_1_68' title="bbox 0 0 1430 4259; baseline 0 0"><span class='ocrx_word' id='word_1_352' title='bbox 0 0 1430 4259; x_wconf 95' lang='lat' dir='ltr'> </span> 
     </span>
    </p>
   </div>
  </div>
 </body>
</html>
