2850 4259
417 247 421 255 ‘
505 281 674 327 ιιιιιιιιοι
887 307 906 354 4
1027 282 1064 344 ⁷7
1160 331 1163 337 ,

121 413 176 471 Iam
202 414 280 472 nnnc
306 408 401 482 times,
430 408 516 497 quasi
542 401 719 487 nimquam
736 407 873 481 adfueris,
905 400 1079 486 nimquam·
1117 402 1140 432 ⁸
1174 457 1177 474 .

553 508 617 565 tute
640 496 814 577 pcpereris?
1006 519 1068 579 290

120 589 172 651 SO.
206 588 346 650 Miseram
361 606 421 661 me,
443 586 595 648 neminem
613 589 722 662 habeo,
747 589 827 648 solae
842 587 961 663 ειὶιιιιιε;
993 588 1070 649 Geta

555 687 654 737 autem
678 676 728 738 hic
749 685 813 737 non
835 676 928 749 adest,

63 833 71 858 ‚
120 770 178 830 Ntc
205 786 296 846 quem
321 766 361 826 ad
394 768 585 829 obstetricem
615 764 742 841 mittam,
770 771 826 828 nce
858 764 911 843 qni
940 776 1071 827 accersat

554 855 750 918 Aeschinum.

119 947 176 1008 CA.
210 947 265 1006 Pol
287 944 314 1006 is
337 943 499 1022 quidem
489 964 549 1005 ram
576 944 626 1006 hic
654 944 770 1006 aderit:
806 964 876 1005 nam
905 962 1070 1022 numquam

203 1056 226 1089 a
555 1038 649 1094 imum
672 1032 840 1095 intermittit
863 1032 953 1108 diem,

118 1122 194 1201 Quin
209 1129 326 1202 semper
349 1121 460 1184 ueniat
507 1124 566 1184 SO.
602 1125 691 1184 Solus
706 1143 841 1185 mearum
856 1120 1071 1184 miseriarnmst

555 1212 732 1274 remedium.

49 1304 176 1376 ’,(Ἆ.
211 1294 238 1363 Ε
262 1312 380 1362 renata
395 1301 502 1363 melius
516 1301 580 1363 fieri
596 1304 684 1367 haud
700 1300 798 1380 potuit
812 1321 902 1379 quam
921 1304 1070 1377 factumst,

558 1411 616 1470 era,
1009 1409 1069 1468 295

120 1482 244 1558 Quando
269 1478 375 1588 uitium
401 1457 574 1557 (iblttumst,
602 1481 684 1560 quod
710 1481 749 1542 ad
780 1478 865 1542 illum
891 1480 996 1543 tttinet
1019 1500 1072 1560 pn

558 1578 726 1647 ttssumnm,

118 1852 224 1919 mia»(a
233 1852 352 1919 Panfilc).
366 1853 419 1905 cfr.
430 1856 502 1903 Eun.
513 1819 566 1916 664
624 1854 685 1904 Geta
703 1871 719 1904 e
743 1853 876 1903 Canthara
901 1868 965 1902 sono
990 1852 999 1901 i
1024 1851 1073 1901 soli

117 1932 163 1973 tam
176 1926 317 1990 infandum
323 1925 446 1989 facinus,
460 1942 515 1974 mea
527 1933 565 1984 tu,

47 1995 55 2064 u'
117 2012 144 2044 nc
160 1996 254 2045 audiui
270 1999 381 2061 quidem.
399 1996 479 2055 Sotto,
493 2013 508 2045 a
520 1995 565 2047 So-

116 2074 186 2116 strata
203 2068 261 2117 dice
279 2084 324 2117 era
343 2065 432 2135 (295);
451 2068 501 2116 alla
519 2084 564 2132 pa-

116 2138 238 2199 droncina,
259 2139 375 2203 giovane.
392 2156 444 2188 una
461 2140 565 2189 vecchia

115 2211 206 2260 nutrice
225 2219 318 2275 poteva
337 2211 462 2275 rivolgere
474 2212 516 2260 un'
525 2228 564 2261 es·

116 2281 241 2344 pressione
254 2283 387 2332 affettnosa
400 2299 414 2332 e
433 2282 561 2332 confiden-

115 2350 180 2402 ziale.
194 2378 227 2387 -
238 2353 403 2417 primulum:
421 2353 440 2402 il
453 2353 564 2402 diminu-

116 2423 163 2472 tivo
180 2440 296 2475 accresce
316 2424 384 2473 forza
403 2423 446 2473 all'
457 2424 515 2474 idea
539 2425 565 2473 di

115 2494 245 2561 principi0‚
272 2496 318 2545 che
347 2491 361 2544 ὲ
385 2495 413 2544 in
437 2497 563 2560 primum.

114 2564 228 2624 Donat0;
254 2587 266 2610 ι
289 2567 398 2617 Initium
421 2574 446 2617 et
465 2567 520 2632 ipsa
539 2584 565 2616 ο-

116 2636 166 2700 rigo
191 2638 311 2687 dolorum
340 2637 493 2687 diminutive
521 2639 565 2688 de·

115 2716 251 2759 monstrata
270 2717 315 2759 est.
335 2709 396 2758 Non
416 2710 486 2759 enim
506 2711 565 2774 pri·

113 2793 186 2839 mum,
212 2780 258 2830 sed
279 2782 425 2845 primulum
453 2780 516 2830 dicit
544 2798 566 2829 ι.

114 2849 188 2899 Modo
195 2852 345 2915 primulum
358 2870 393 2891 ==
411 2871 423 2894 ι
435 2851 462 2901 in
475 2859 566 2917 questo

113 2929 248 2981 momento,
262 2939 278 2971 a
290 2938 357 2987 pena
366 2941 389 2972 ι.
401 2921 454 2972 Cfr.
468 2939 490 2974 v.
500 2921 565 2984 8983

112 2991 191 3041 Plant
217 2993 291 3043 Men.
317 3004 385 3055 917;
410 2994 469 3043 Mil.
499 3007 567 3056 1004

115 3076 156 3128 sg.¹
175 3080 228 3114 ecc.
248 3063 301 3116 Cfr.
321 3069 388 3130 App.
408 3065 462 3115 crit.

147 3147 205 3196 290.
232 3138 291 3185 lam
313 3153 385 3184 nunc
413 3138 492 3185 times.
520 3137 566 3185 Ri-

114 3203 191 3268 piglia
222 3207 248 3255 la
278 3208 387 3272 risposta
421 3208 566 3257 affettnosa·

114 3285 196 3327 mente
228 3279 344 3328 risentita
381 3279 408 3327 di
439 3276 565 3329 Cantara:

115 3366 126 3389 ι
147 3346 228 3399 Come
256 3350 292 3399 sai
317 3357 402 3414 presto
427 3366 442 3397 a
464 3359 565 3410 temere,

113 3432 183 3468 come
201 3436 255 3470 se...
277 3439 299 3472 ».
321 3447 354 3456 -
373 3421 501 3485 adfueris,
521 3420 565 3470 scl.

110 3491 231 3550 parienti.
262 3518 295 3528 -
325 3498 387 3550 tute,
415 3508 429 3541 e
454 3493 510 3541 anzi
538 3500 566 3541 tu

113 3566 196 3610 stessa.

146 3643 206 3693 291.
238 3649 336 3695 sumus,
368 3634 497 3700 pirrichio.
533 3660 566 3669 -

620 1925 684 1975 servi
703 1924 772 1975 della
790 1940 855 1973 casa.
876 1923 928 1975 cfr.
948 1940 994 1989 per
1006 1923 1072 1973 Geta

619 1998 628 2045 i
648 2013 685 2046 vv.
704 2007 757 2059 479
777 2011 832 2061 sgg.
852 1995 904 2045 Cfr.
923 1996 991 2060 App.
1017 1995 1073 2043 crit.

655 2082 715 2130 292.
730 2069 812 2118 Nec...
826 2083 878 2126 nec,
892 2067 925 2115 da
938 2070 1073 2116 sotn'nten·

618 2138 685 2190 dersi
703 2141 782 2189 adest.
797 2166 828 2175 —
843 2145 964 2188 accersat.
977 2137 1075 2200 Questa

618 2209 632 2261 ὲ
656 2211 681 2260 la
708 2209 788 2275 grafia
811 2211 839 2259 in
862 2210 887 2259 A
911 2207 995 2274 (Eun.
1022 2217 1074 2272 510

618 2284 761 2340 adeersum
782 2282 844 2330 Hec.
858 2281 911 2343 466
924 2277 1043 2343 adcursu),
1058 2296 1073 2329 e

618 2353 782 2403 d’ordinario
810 2353 881 2417 negli
906 2351 964 2401 altri
986 2366 1073 2399 mano·

619 2425 699 2474 scritti
718 2422 841 2489 (soltanto
860 2424 869 2472 i
889 2423 962 2473 codd.
976 2423 1001 2470 D
1021 2422 1074 2472 eG

618 2497 704 2546 hanno
723 2511 810 2561 spesso
828 2509 929 2544 arctsso
944 2491 1071 2555 esimili).

655 2580 715 2632 293.
736 2567 803 2615 Pol:
822 2566 868 2616 cir.
889 2564 947 2627 289.
973 2561 1025 2613 Pol
1041 2566 1072 2622 is,

620 2638 751 2703 pirrichin.
771 2664 804 2673 -
823 2639 892 2686 iam:
911 2636 956 2686 cfr.
972 2651 995 2685 v.
1013 2633 1073 2683 286.

620 2735 653 2745 -
673 2725 817 2773 numquam
837 2724 937 2757 unum:
957 2707 1001 2756 cfr.
1013 2718 1073 2770 332.

656 2794 716 2842 294.
737 2788 834 2844 semper
847 2780 917 2844 dopo
930 2793 1074 2841 numquam

621 2847 636 2900 ὲ
654 2850 821 2917 pleonastico.

656 2932 714 2986 295.
735 2924 762 2970 E
779 2938 808 2971 re
820 2929 891 2978 nata,
906 2917 937 2969 ἐκ
952 2923 997 2969 τοῦ
1010 2938 1076 2983 συμ-

620 2990 821 3058 βεβηκότος-
786 3012 820 3020 -
834 2993 903 3057 dopo
921 2992 1009 3057 quello
1028 2992 1076 3041 che

620 3061 777 3123 tavvenuto,
790 3064 822 3111 da
835 3071 924 3128 questa
937 3063 1074 3128 positione,

620 3137 653 3185 da
671 3143 762 3201 questa
770 3129 932 3184 condizione
956 3134 983 3182 di
1008 3150 1074 3184 cose.

620 3209 643 3258 E
662 3207 740 3255 modo
759 3222 812 3255 non
830 3205 872 3255 del
897 3211 964 3255 tutto
981 3203 1076 3269 uguale

619 3279 646 3327 in
665 3278 751 3326 valore
769 3294 784 3326 a
796 3285 890 3340 prore
905 3284 968 3326 nata
980 3276 1008 3325 in
1021 3276 1075 3325 Cic.

619 3351 657 3398 ad
673 3351 729 3398 Att.
750 3359 773 3411 7,
794 3346 817 3407 8,
839 3360 868 3410 ²3
892 3362 931 3409 14,
952 3347 978 3407 6,
1000 3360 1022 3396 ι.

657 3420 718 3482 296.
745 3420 839 3469 uitium
859 3419 1002 3477 obictumst,
1031 3418 1076 3469 scl.

621 3492 729 3558 uirgini.
749 3489 802 3540 Cfr.
822 3507 844 3538 v.
865 3488 925 3553 308.
948 3515 980 3526 -
1000 3490 1078 3554 quod,
1151 3483 1155 3496 '

620 3561 815 3627 congiunzione.
835 3588 869 3598 -·
887 3562 962 3609 illum
974 3581 1011 3603 =
1027 3563 1077 3610 Ac·

621 3635 750 3684 schinum.
