2850 4259
528 290 695 334 Anscrflorr

1024 294 1086 354 205

128 422 266 482 Tradr'rce
303 429 334 481 et
370 429 496 479 matrem
534 427 565 479 et
602 415 744 477 familiam
782 437 904 478 omnem
942 420 981 479 ad
1019 427 1092 481 nos.

572 508 636 567 AE.
660 508 772 580 Placet,

127 601 212 658 Pater
234 596 436 675 lepidissume.
482 598 548 657 DE.
573 598 669 673 Erige,
693 593 753 655 iam
775 595 894 673 lepid1'1s
916 615 1017 659 uocor.

127 686 221 747 Fratri
243 688 333 747 aedes
355 689 428 746 fient
450 684 580 764 peruiae,
605 687 726 744 turbem
749 685 873 745 domum

123 937 142 985 s'
151 936 265 994 intende,
284 936 352 1000 dopo
376 940 443 984 rotto
465 934 484 982 il
503 949 576 984 muro

123 1007 151 1055 di
169 1006 305 1056 divisione.
324 1004 385 1056 Cosl
404 1007 425 1056 si
441 1006 539 1056 evitava
551 1005 577 1054 13

123 1074 275 1143 pubblicith,
305 1094 319 1127 e
347 1093 399 1126 non
427 1080 447 1126 c’
459 1093 502 1127 era
531 1072 576 1142 pil

121 1149 233 1213 bisogno
270 1148 337 1198 delle
368 1148 444 1199 solite
474 1147 576 1197 formali

121 1236 220 1285 pompe
251 1220 294 1269 del
324 1219 495 1278 matrimonio,
525 1219 577 1269 3113

121 1291 194 1357 quali
207 1293 280 1340 tra‘l’
291 1290 356 1339 altro
367 1306 420 1340 non
433 1291 454 1338 si
467 1290 575 1340 sarebbe

121 1369 215 1428 poturo
228 1370 399 1426 assoggettare
412 1361 518 1420 Panfila,
529 1377 575 1409 an·

121 1449 182 1483 cora
204 1443 331 1498 aegrota,·
356 1433 400 1481 cfr.
420 1449 444 1482 v.
463 1446 512 1493 921
537 1448 574 1496 sg.

159 1517 222 1566 910.
251 1506 372 1553 Traduce
391 1503 427 1568 (A
452 1504 575 1562 troduc):

119 1575 168 1626 cfr.
187 1575 213 1624 le
232 1583 292 1626 note
310 1576 334 1624 ai
353 1591 394 1623 vv.
409 1588 458 1637 241
480 1591 494 1623 e
511 1574 575 1634 482.

120 1673 156 1683 -
170 1654 295 1696 matrem:
310 1647 429 1696 Sostrata.
445 1672 478 1681 —
489 1644 576 1708 fami·

120 1717 184 1767 liam
204 1734 321 1767 omnem:
343 1717 387 1766 cfr.
408 1733 431 1767 v,
445 1715 487 1778 89,
507 1724 576 1767 nota.

121 1788 175 1851 Qui
194 1789 217 1838 si
239 1787 326 1839 allude
351 1806 366 1837 a
392 1787 502 1836 Cantara
526 1804 540 1838 e
561 1805 577 1836 a

120 1859 194 1909 Geta.
217 1885 250 1894 -
272 1861 379 1909 Placet:
402 1860 447 1909 clr.
468 1875 492 1910 v.
513 1858 574 1920 849.

156 1944 219 1992 911.
238 1932 414 1995 lepidissume:
441 1951 453 1975 «
479 1931 576 1995 grazio·

120 2002 224 2051 sissimo
240 2019 267 2061 »;
282 2002 326 2051 clr.
343 2001 366 2049 la
378 2009 438 2050 nota
458 2019 473 2050 a
490 2003 575 2066 lepore

118 2073 146 2121 di
165 2073 283 2123 Perioclt.
305 2086 330 2134 4.
355 2072 408 2121 Csr.
427 2074 454 2121 in
472 2073 538 2122 oltre
557 2072 576 2120 11

118 2160 143 2194 v.
163 2143 224 2206 966,
243 2144 276 2193 ed
295 2143 380 2193 Andr.
400 2143 453 2205 948
473 2144 574 2207 01φί-

120 2216 183 2263 dum
204 2220 352 2279 patrem,
377 2216 431 2264 Cic.
454 2215 530 2264 Catil.
551 2229 574 2274 2,

121 2298 162 2344 10,
177 2299 210 2346 23
232 2286 272 2334 Hi
285 2287 365 2351 pueri
377 2294 430 2334 tom
448 2286 528 2350 lepidi
544 2302 575 2334 ac

118 2357 225 2405 delicati
249 2374 302 2404 non
331 2357 414 2405 solum
437 2373 526 2405 ornare
551 2364 576 2405 et

117 2429 213 2485 amari,
233 2444 315 2490 neque
334 2435 441 2476 cantare
459 2434 484 2476 et
499 2429 573 2491 psal·

117 2498 179 2556 lere,
194 2499 241 2546 sed
256 2499 331 2546 etiam
343 2499 411 2546 sicas
427 2500 531 2547 vibrare
550 2505 576 2547 et

118 2576 243 2633 spargere
253 2586 351 2618 veneno
362 2570 517 2626 didicerunt,
530 2568 574 2618 nel

117 2639 197 2703 quale
216 2639 308 2689 ultimo
322 2640 436 2704 esempio
455 2640 530 2703 lepid.
550 2640 573 2689 si

116 2710 233 2760 riferisce
243 2707 288 2775 pilr
298 2712 321 2758 31
332 2710 385 2759 lato
396 2709 475 2768 fisico,
488 2711 535 2760 che
547 2710 573 2760 al

116 2781 171 2831 lato
182 2783 286 2831 morale.
296 2808 329 2817 -—
337 2784 425 2844 Euge:
438 2783 540 2830 «Bravo
549 2802 570 2832 ι.

116 2854 200 2902 Tutto
219 2854 266 2902 che
284 2853 364 2902 derivi
383 2854 426 2902 dal
444 2869 481 2917 gr.
503 2848 571 2917 εὖγε,

115 2924 153 2972 tal
172 2925 241 2973 volta
259 2925 292 2972 ha
310 2925 335 2972 13
353 2925 463 2973 seconda
481 2923 572 2973 sillaba

114 2995 197 3060 lunga
215 2993 272 3060 (cfr.
292 2997 378 3044 Andr.
399 3006 467 3059 345;
487 2993 570 3045 Plaut.

113 3066 210 3116 Bacch.
227 3076 292 3130 1105
305 3083 310 3126 ;
324 3066 402 3116 Most.
415 3080 464 3130 311
476 3080 483 3123 ς
498 3065 570 3129 ecc),

113 3135 157 3186 ciel
170 3137 217 3187 che
230 3138 300 3187 sada
318 3137 403 3187 alcuni
417 3155 432 3186 3
446 3145 511 3186 torto
525 3138 571 3186 dar

114 3225 180 3273 peso
199 3208 251 3257 alla
269 3207 347 3273 grafia
367 3225 452 3273 eugar,
472 3208 519 3257 che
538 3212 571 3258 ri·

113 3294 187 3329 corre
206 3295 258 3328 non
272 3286 414 3329 raramente
427 3280 469 3329 nei
488 3280 571 3329 codici

112 3351 234 3416 plautini.
265 3350 376 3400 Ricorda
404 3350 431 3399 in
459 3350 515 3400 fatti
545 3352 571 3401 la

112 3422 248 3487 perticella
261 3439 300 3479 ne,
314 3422 340 3470 la
358 3422 400 3470 cui
414 3420 494 3485 grafia
509 3438 567 3481 nae,

113 3493 163 3542 che
198 3493 295 3556 meglio
326 3493 570 3558 corrlsponderebbe

112 3564 165 3613 3113
196 3561 312 3629 quantit&
342 3565 470 3613 ordinaria
502 3565 569 3613 della

110 3636 203 3685 vocale
228 3634 312 3699 finale,
336 3650 350 3684 e
375 3636 423 3685 che
446 3652 510 3701 pure
536 3636 569 3684 ri·

1021 529 1084 586 910

632 948 704 983 corre
723 934 766 983 nei
785 949 853 993 mss,
872 929 886 981 ὲ
905 935 1001 983 oramai
1024 934 1085 985 risa·

632 1013 695 1070 puta
718 1021 800 1056 essere
826 1004 897 1054 falsa.
927 1032 958 1041 -
988 1006 1091 1069 Queste

632 1075 769 1126 riflessioni
788 1076 814 1125 di
832 1076 938 1136 Demea,
960 1078 992 1146 (13
1011 1079 1085 1142 Euge

631 1147 688 1196 sino
711 1163 727 1195 3
745 1149 830 1196 minos
847 1147 891 1196 del
909 1164 932 1196 v.
952 1158 1011 1212 915,
1030 1164 1084 1197 non

631 1233 695 1266 sono
725 1218 912 1274 naturalmente
943 1219 1023 1269 intese
1051 1220 1087 1269 do

630 1288 695 1338 Siro.

667 1373 729 1422 912,
747 1361 843 1409 Fratri
859 1362 932 1409 ardes
944 1360 1012 1425 fient
1019 1368 1082 1424 per-

630 1432 695 1483 uioe.
716 1431 768 1479 ΑΠ’
781 1432 899 1480 orecchio
924 1431 1004 1480 latino
1023 1448 1084 1497 que·

631 1502 824 1568 st’espressione
836 1503 934 1552 doveva
943 1501 1011 1552 forse
1024 1517 1083 1551 suo·

630 1589 691 1623 nare
710 1573 895 1622 comicamente
914 1571 984 1622 cosl:
1007 1593 1018 1615 e
1045 1575 1083 1624 La

631 1660 688 1694 casa
701 1644 728 1693 di
740 1645 794 1692 mio
807 1644 908 1693 fratello
919 1640 1019 1693 diverrlt
1032 1659 1084 1693 una

630 1716 671 1763 via
689 1715 812 1779 pubblica
832 1734 844 1757 ι
865 1714 977 1780 (ricorda
992 1714 1012 1763 11
1030 1716 1085 1778 pri·

630 1802 673 1834 mo
691 1787 779 1836 valore
797 1786 824 1835 di
847 1788 959 1850 peruius
978 1787 1010 1834 (13
1034 1794 1084 1850 per

630 1875 644 1906 e
670 1857 734 1920 uia),
760 1872 809 1923 pur
834 1857 992 1907 intendendo
1009 1857 1084 1905 ‘bene

629 1928 655 1976 10
684 1935 822 1993 spettatore
847 1929 901 1987 che,
931 1928 998 1977 fuori
1026 1927 1050 1974 d'
1061 1927 1086 1975 i·

629 2000 743 2065 perbole,
774 1999 961 2064 l'espressione
993 1998 1083 2048 voleva

628 2071 683 2121 dire
705 2071 752 2120 che
778 2070 803 2118 13
831 2086 888 2119 casa
917 2071 944 2119 di
969 2070 1085 2119 Micione

628 2142 736 2192 sarebbe
762 2141 865 2190 rimasta
890 2147 978 2206 aperta
1002 2142 1083 2189 d'ora

627 2213 655 2261 in
674 2214 719 2277 poi
744 2213 796 2261 3113
817 2212 933 2276 famiglia
954 2228 968 2262 e
989 2226 1083 2260 ancora

628 2300 643 2332 a
654 2291 718 2333 tutte
728 2284 752 2334 le
759 2298 915 2333 conoscenze
925 2283 952 2332 di
961 2283 1085 2341 Sostrata,

628 2372 643 2403 a
662 2362 744 2419 punto
763 2369 809 2420 per
828 2354 1035 2404 l'abbattimento
1055 2352 1083 2403 (11

628 2426 689 2491 quel
708 2441 783 2475 muro
806 2425 832 2473 di
853 2426 977 2475 divisione
1000 2432 1038 2473 tra
1057 2423 1082 2474 le

627 2497 678 2546 due
691 2497 878 2546 3111331031.-
890 2499 1007 2547 turbam:
1021 2517 1032 2540 ι
1046 2511 1083 2544 un

628 2569 735 2617 esercito
754 2568 780 2616 di
802 2575 879 2632 gente
901 2586 922 2630 ι,
943 2567 989 2616 che
1008 2574 1082 2631 porta

627 2654 673 2703 per
696 2640 797 2688 Demea
824 2639 850 2687 lo
878 2637 1029 2703 scompiglio
1054 2637 1083 2686 in

627 2726 700 2770 casa;
726 2711 772 2758 cfr.
792 2711 818 2758 13
842 2718 902 2758 nota
924 2708 948 2757 al
973 2725 996 2757 v.
1020 2718 1085 2770 773,

626 2781 734 2846 Troppo
744 2783 951 2845 rigorosamente,
964 2779 999 2826 mi
1009 2795 1082 2844 pore,

626 2851 653 2900 lo
686 2853 799 2917 Spengel
829 2852 916 2899 riduce
944 2849 999 2898 solo
1030 2850 1080 2899 alle

626 2933 728 2988 quattro
747 2938 856 2988 persone
874 2922 942 2971 della
965 2920 1081 2985 famiglic

627 2996 653 3043 di
665 2995 779 3044 Sostrata
798 2994 822 3042 13
835 2996 919 3048 turbo,
939 2992 966 3040 di
980 2992 1021 3040 cui
1034 2992 1081 3057 qui

626 3067 648 3115 si
667 3066 746 3130 parla,
766 3082 812 3130 per
835 3064 888 3114 fare
908 3064 932 3112 13
956 3071 1081 3112 matema·

626 3138 676 3187 tica
699 3137 843 3185 deduzione
869 3135 923 3192 che,
943 3150 989 3198 per
1003 3134 1029 3182 13
1048 3134 1079 3182 ri·

626 3215 757 3258 strettezza
787 3207 855 3257 delle
883 3222 941 3255 case
968 3204 1081 3264 antiche,

626 3279 706 3329 anche
726 3278 787 3344 quel
805 3276 905 3344 piccolo
924 3291 1033 3325 numero
1051 3275 1079 3324 di

626 3367 735 3416 persone
754 3359 846 3415 poteva
860 3364 942 3399 essere
962 3364 1007 3412 per
1024 3347 1079 3396 De·

625 3439 683 3471 mea
701 3438 752 3470 una
765 3421 861 3484 grande
875 3419 944 3469 solla.
964 3419 996 3467 Se
1011 3417 1078 3467 losse

626 3493 771 3543 necessario
783 3492 902 3541 limitarci
921 3507 937 3539 3
955 3488 1016 3555 quel
1029 3504 1081 3537 nu·

626 3581 696 3613 mero
717 3563 775 3626 (cfr.
787 3564 814 3612 in
833 3578 893 3612 vece
905 3562 930 3610 13
949 3568 1009 3610 nota
1022 3576 1078 3625 pre·

626 3633 752 3700 cedente),
772 3635 798 3684 io
822 3633 903 3683 anche
922 3633 968 3698 qui
992 3630 1081 3682 vedrei
