2850 4259
722 329 843 385 144
1486 326 1543 371 P.
1589 324 1866 368 ‘rancun

718 454 849 515 AE.
896 453 1050 526 Eho,
1100 459 1304 511 nonne
1351 451 1503 512 haec
1547 449 1699 511 iusta
1743 449 1856 513 tibi
1901 449 2183 510 uidentur
2228 450 2462 527 postea?
2495 452 2612 509 660

716 543 838 601 ΜΙ.
887 543 1050 602 Non.
1129 543 1255 602 AE.
1304 520 1596 616 &bsech
1647 542 1821 600 non?
1890 540 2155 600 anillam
2190 537 2330 599 hinc
2357 540 2612 611 abducet,

1613 630 1823 708 pater?
2611 632 2615 638 ’

720 720 838 780 ΜΙ.
868 718 1030 794 Quid
1058 717 1220 777 illam
1252 716 1314 777 ni
1338 719 1639 779 abducat?
1716 720 1844 779 AE.
1876 720 2124 778 Factum
2152 737 2189 775 a
2211 715 2378 777 uobis
2405 714 2618 776 dfiriter

726 806 1375 883 Immisericorditerque
1422 817 1608 885 atque
1658 806 1857 877 etiam,
1908 806 1957 866 si
2003 813 2110 879 est,
2160 815 2344 884 pater,

726 897 1060 957 Dicendum
1107 895 1298 973 magis
1341 903 1564 973 aperte,
1615 895 2028 957 inliberaliter.

726 988 872 1045 ΜΙ.*
888 987 1085 1061 Quam
1133 986 1214 1045 ob
1261 986 1438 1044 rem?
1516 987 1646 1045 AE.
1693 988 1898 1063 Rogas
1941 984 2090 1043 me?
2163 983 2310 1061 qu1d
2360 983 2445 1044 mi
2503 994 2624 1043 tan·

1615 1075 1757 1134 dem
1805 1072 2044 1135 creditis
2501 1076 2619 1149 665

722 1165 870 1222 Fore
915 1159 1102 1222 animi
1147 1160 1384 1235 misero,
1436 1161 1539 1239 qui
1585 1163 1689 1222 illa
1735 1168 2049 1223 consueuit
2091 1161 2271 1241 prior,

718 1250 841 1325 Qui
886 1250 1092 1311 infelix
1138 1252 1301 1311 haud
1351 1249 1477 1311 scio
1523 1258 1601 1311 an
1647 1252 1809 1311 illam
1856 1250 2069 1311 misere
2116 1257 2278 1311 minc
2323 1261 2490 1324 amet,

718 1341 919 1413 Quom
968 1340 1125 1402 hanc
1168 1340 1282 1401 sibi
1330 1338 1563 1400 uidebit
1606 1347 1888 1419 praesens
1931 1339 2230 1419 praesenti
2277 1338 2437 1417 eripi,

722 1605 815 1653 che
854 1602 1033 1668 quello
1070 1605 1137 1652 ha
1175 1604 1409 1669 maggior
1437 1604 1626 1655 diritto.
1736 1605 2038 1653 consueuit:
2088 1603 2182 1652 che
2231 1603 2298 1651 ha
2334 1609 2479 1650 avuto
2531 1615 2620 1650 con

718 1701 782 1709 --
843 1675 963 1722 huic
983 1691 1001 1722 .·
1062 1671 1175 1723 cioe
1229 1683 1508 1739 proxumo,
1561 1702 1621 1712 —-
1735 1674 1805 1724 lei
1859 1675 2127 1725 relazione.
2179 1688 2494 1722 consuescere
2538 1686 2624 1736 per

718 1745 839 1795 tim-i
858 1761 875 1793 .-
913 1745 1001 1794 sel.
1042 1746 1316 1811 uirginem.
1734 1746 1786 1794 lo
1824 1742 1915 1811 pia
1945 1742 1972 1794 ὲ
1997 1752 2146 1794 usato
2171 1744 2225 1793 in
2249 1759 2398 1793 senso
2432 1757 2617 1791 osceno.

794 1816 912 1865 660.
952 1833 1164 1866 nonne:
1207 1817 1297 1865 cfr.
1338 1815 1388 1864 la
1417 1824 1539 1866 nota
1577 1816 1627 1865 al
1734 1817 1812 1866 La
1847 1824 2085 1882 presente
2109 1815 2427 1865 costruzione
2462 1814 2544 1879 poi
2573 1812 2621 1859 di

718 1905 762 1937 ν,
802 1900 889 1949 94.
935 1886 1013 1935 Lo
1052 1888 1279 1952 Spengel
1318 1886 1462 1952 (kris.
1502 1890 1626 1937 anh.
1735 1903 2059 1936 consuescere
2119 1902 2218 1937 con
2290 1885 2331 1934 il
2393 1884 2617 1948 semplice

726 1977 766 2005 n..
806 1957 883 2020 1.)‚
922 1957 961 2005 il
998 1959 1150 2024 quale
1177 1960 1386 2009 afferma
1423 1973 1523 2007 con
1560 1958 1626 2007 si·
1732 1958 1972 2021 ablativ0,
2001 1958 2233 2023 spiegata
2270 1973 2364 2022 per
2387 1956 2508 2006 altro
2531 1968 2622 2003 con.

714 2045 920 2078 curezza
958 2030 1052 2079 che
1105 2046 1276 2080 nonne
1313 2025 1341 2077 ὲ
1391 2036 1628 2079 estraneo
1732 2029 1765 2078 1·
1781 2029 2042 2078 influenza
2097 2029 2234 2078 della
2286 2026 2620 2093 preposizione

718 2101 814 2149 :nlla
869 2100 1047 2165 lingua
1104 2102 1156 2149 di
1213 2101 1412 2159 Plaut0,
1464 2101 1627 2150 anche
1733 2101 1827 2149 che
1867 2097 1895 2148 ὲ
1946 2107 2224 2149 contenuta
2273 2098 2360 2147 nel
2395 2098 2555 2159 verbo,
2589 2091 2618 2143 ὲ

717 2173 801 2221 uel
835 2179 1009 2220 nostro
1034 2172 1194 2236 luogo
1221 2179 1378 2221 mette
1417 2172 1472 2219 in
1497 2171 1626 2219 dub·
1732 2188 1884 2221 senza
1933 2171 2194 2235 esempio;
2246 2169 2438 2219 altrove
2480 2168 2521 2217 si
2558 2166 2616 2214 ha

714 2245 802 2289 ἰήιε-
858 2241 908 2290 la
968 2242 1201 2306 lezione;
1265 2258 1349 2291 ma
1411 2242 1502 2291 cfr.
1561 2241 1625 2291 O.
1729 2242 1771 2291 il
1820 2258 1979 2301 cum,-
2033 2242 2122 2291 cfr.
2176 2242 2303 2290 Hcc.
2357 2250 2452 2304 555
2501 2254 2619 2302 qua·
2690 2297 2699 2304 ,

722 2317 993 2376 lsslrugmam
1020 2315 1170 2363 Neue
1194 2314 1401 2362 Jahrbb.
1423 2314 1472 2371 f.
1499 2314 1624 2361 Phi·
1732 2330 1898 2363 cum...
1939 2320 2230 2362 consuesset
2243 2330 2268 2370 ,·
2310 2307 2463 2360 Ph'or.
2491 2308 2616 2372 873;

710 2385 815 2441 ἐπεὶ,
859 2383 1011 2448 1876,
1052 2402 1103 2450 p.
1132 2398 1254 2445 420.
1296 2410 1363 2420 —
1408 2392 1626 2449 postea:
1732 2399 1835 2434 ecc.
1877 2381 1982 2433 Cfr.
2020 2384 2053 2431 1’
2076 2385 2212 2448 App.
2253 2381 2364 2431 crit.

714 2453 814 2501 nlla
852 2454 923 2502 fin
960 2454 1078 2506 fine.
1120 2456 1225 2505 Cfr.
1264 2455 1401 2521 App.
1441 2455 1551 2520 crit.
1805 2453 1925 2517 667.
1974 2456 2122 2503 haud
2170 2455 2274 2501 scio
2310 2469 2416 2502 an:
2443 2449 2619 2505 ‘forse;

786 2521 904 2575 561.
943 2526 1131 2576 illam:
1176 2528 1266 2575 cfr.
1306 2542 1351 2574 v.
1395 2537 1478 2589 72.
1731 2525 1821 2575 cfr.
1875 2526 1925 2575 la
1979 2525 2139 2589 lunga
2188 2531 2311 2572 nota
2361 2523 2444 2573 del
2495 2522 2613 2571 Gan·

786 2596 905 2645 ⁴562.
962 2598 1106 2658 Quid
1134 2598 1278 2646 illam
1318 2599 1378 2646 ni
1412 2603 1491 2646 sta
1535 2614 1628 2662 per
1732 2597 1870 2655 dino,
1922 2596 2056 2646 Sint.
2095 2597 2186 2645 lat.
2226 2596 2266 2657 1,
2320 2606 2402 2657 92,
2448 2607 2521 2643 11.
2556 2616 2610 2625 —

714 2669 902 2729 amani
936 2668 1099 2727 illam,
1139 2683 1235 2717 con
1283 2668 1434 2718 tmesi
1477 2682 1626 2718 come
1731 2670 1943 2717 misere:
1993 2666 2083 2716 cfr.
2133 2684 2179 2717 ν.
2223 2675 2345 2729 522.
2399 2665 2472 2713 La
2511 2663 2618 2711 lun·

714 2741 766 2785 in
806 2738 970 2787 Plaut.
997 2740 1188 2804 Amph.
1223 2751 1330 2802 434
1364 2739 1509 2799 Quid
1539 2756 1625 2805 ego
1731 2737 1916 2802 ghezza
1972 2738 2056 2787 del
2111 2737 2327 2803 periodo
2380 2734 2611 2800 (quid...

717 2809 774 2857 m*
820 2814 1095 2874 negem...)
1142 2810 1248 2859 Cfr.
1287 2809 1393 2871 466
1433 2826 1461 2860 e
1502 2820 1621 2875 573.
1732 2810 1936 2858 oculis)
1985 2805 2263 2872 665-669),
2316 2821 2419 2856 non
2472 2804 2615 2854 molto

714 2905 778 2913 —-
820 2881 1025 2929 duriter
1045 2898 1062 2929 .·
1100 2882 1191 2932 cfr.
1230 2891 1315 2945 45.
1731 2880 2061 2945 rispondente
2098 2880 2152 2928 in
2189 2895 2311 2927 vero
2358 2878 2440 2927 all’
2459 2875 2615 2926 indole

786 2950 906 3011 Ι1564.
957 2947 1329 3002 inliberaliter:
1388 2951 1479 3001 cfr.
1538 2962 1620 3016 572
1731 2952 1870 3000 dello
1910 2952 2026 3001 stile
2063 2951 2264 2999 comico
2312 2965 2340 2998 e
2382 2948 2478 2998 alla
2509 2962 2618 3011 par·

710 3037 835 3081 449.
1732 3021 1848 3080 lata,
1888 3020 1992 3087 pub
2043 3020 2132 3086 qu‘i
2185 3027 2320 3071 stare
2369 3020 2431 3069 ad
2471 3016 2614 3082 espri-

790 3092 908 3157 1565.
947 3093 1043 3152 illi,
1081 3093 1343 3161 pirrichio.
1394 3120 1459 3129 —
1507 3102 1623 3143 tan·
1733 3110 1871 3143 mere
1911 3094 1960 3142 la
1997 3093 2188 3157 grande
2213 3092 2490 3154 agitazione
2512 3089 2556 3135 d'
2569 3104 2613 3135 a·

714 3169 821 3213 fiens
843 3182 859 3211 .·
900 3165 1149 3227 aggiunto
1174 3181 1266 3230 per
1291 3165 1455 3215 enfasi
1480 3166 1619 3215 nelle
1731 3164 1873 3213 nimo
1894 3164 1978 3213 del
2000 3163 2219 3228 giovine.
2243 3162 2349 3212 Cfr.
2364 3163 2489 3227 App.
2511 3158 2615 3227 erip

714 3235 1141 3298 interrogazioni;
1180 3236 1270 3285 cfr.
1311 3236 1432 3298 276,
1474 3235 1594 3300 685.
1804 3234 1924 3285 668.
1968 3244 2222 3299 praesens
2265 3232 2531 3297 praesenti.
2575 3229 2619 3278 E.

786 3305 904 3354 566.
945 3308 1114 3355 animi
1146 3306 1371 3371 dipende
1399 3307 1465 3357 da
1492 3308 1628 3372 quid
1731 3307 1955 3371 ripetuto
1985 3321 2075 3371 per
2110 3305 2373 3368 maggiore
2407 3300 2619 3353 efficacia

710 3377 794 3425 *iel
869 3391 1016 3425 verso
1089 3379 1440 3442 precedente3
1528 3378 1619 3428 cfr.
1730 3376 1783 3425 10
1810 3386 1976 3448 stesso
2003 3383 2237 3425 concetto
2275 3373 2359 3423 del
2386 3382 2614 3439 praesens

718 3453 853 3497 firm.
920 3458 1051 3512 1015
1117 3449 1259 3508 Quid
1313 3449 1397 3498 illi
1457 3450 1621 3497 credis
1731 3464 1830 3497 con
1868 3448 2053 3497 diversi
2078 3447 2222 3496 verbi
2250 3463 2278 3495 e
2303 3461 2400 3496 con
2433 3444 2613 3491 diversa

710 3529 819 3565 mm
857 3521 1025 3567 animi
1042 3519 1266 3584 fuisse)
1311 3518 1416 3569 Cfr.
1458 3520 1621 3569 anche
1732 3520 2066 3582 costruzione‚
2098 3517 2320 3567 secondo
2356 3516 2404 3564 la
2432 3514 2614 3562 diversa

714 3589 894 3637 manto
927 3592 1115 3654 Amph.
1146 3589 1248 3651 689
1294 3591 1438 3651 Quid
1457 3592 1626 3640 animi
1734 3590 1976 3639 funzione
2000 3590 2137 3639 della
2161 3588 2337 3654 parola
2361 3585 2488 3636 nella
2502 3597 2610 3647 pro·

710 3665 915 3708 :inffatam
936 3663 976 3719 τ’,
1047 3676 1149 3709 ecc.
1234 3689 1298 3697 —
1369 3663 1467 3726 qui
1527 3661 1622 3711 illa
1732 3662 2024 3726 posizione:
2102 3661 2295 3709 uidebit
2363 3666 2613 3724 praesens,
