<?xml version="1.0" encoding="UTF-8"?>
<!DOCTYPE html PUBLIC "-//W3C//DTD XHTML 1.0 Transitional//EN"
    "http://www.w3.org/TR/xhtml1/DTD/xhtml1-transitional.dtd">
<html xmlns="http://www.w3.org/1999/xhtml" xml:lang="en" lang="en">
 <head>
  <title>
</title>
<meta http-equiv="Content-Type" content="text/html;charset=utf-8" />
  <meta name='ocr-system' content='tesseract 3.04.00' />
  <meta name='ocr-capabilities' content='ocr_page ocr_carea ocr_par ocr_line ocrx_word'/>
</head>
<body>
  <div class='ocr_page' id='page_1' title='image "./pterentiafriade00cupagoog/pterentiafriade00cupagoog_0362.png"; bbox 0 0 2850 4259; ppageno 0'>
   <div class='ocr_carea' id='block_1_1' title="bbox 515 293 681 362">
    <p class='ocr_par' dir='ltr' id='par_1_1' title="bbox 515 293 681 362">
     <span class='ocr_line' id='line_1_1' title="bbox 515 293 681 362; baseline -0.012 -27"><span class='ocrx_word' id='word_1_1' title='bbox 515 293 681 362; x_wconf 64' lang='lat' dir='ltr'><strong>mnenon</strong></span> 
     </span>
    </p>
   </div>
   <div class='ocr_carea' id='block_1_2' title="bbox 960 298 1079 360">
    <p class='ocr_par' dir='ltr' id='par_1_2' title="bbox 960 298 1079 360">
     <span class='ocr_line' id='line_1_2' title="bbox 960 298 1079 360; baseline 0 -23"><span class='ocrx_word' id='word_1_2' title='bbox 960 353 962 360; x_wconf 31' lang='grc' dir='ltr'>Ι</span> <span class='ocrx_word' id='word_1_3' title='bbox 1018 298 1079 337; x_wconf 85' lang='lat'><strong>221</strong></span> 
     </span>
    </p>
   </div>
   <div class='ocr_carea' id='block_1_3' title="bbox 119 392 1082 501">
    <p class='ocr_par' dir='ltr' id='par_1_3' title="bbox 119 392 1082 501">
     <span class='ocr_line' id='line_1_3' title="bbox 119 392 1082 501; baseline -0.001 -19"><span class='ocrx_word' id='word_1_4' title='bbox 119 392 344 498; x_wconf 22' lang='lat' dir='ltr'><strong>Phrygia-mut¹</strong></span> <span class='ocrx_word' id='word_1_5' title='bbox 357 424 483 501; x_wconf 69' lang='lat' dir='ltr'><strong>uxotem</strong></span> <span class='ocrx_word' id='word_1_6' title='bbox 513 439 611 480; x_wconf 87' lang='lat' dir='ltr'><strong>meam</strong></span> <span class='ocrx_word' id='word_1_7' title='bbox 634 437 694 478; x_wconf 89' lang='lat' dir='ltr'><strong>una</strong></span> <span class='ocrx_word' id='word_1_8' title='bbox 717 424 835 481; x_wconf 72' lang='lat' dir='ltr'><strong>mecum</strong></span> <span class='ocrx_word' id='word_1_9' title='bbox 866 417 986 480; x_wconf 90' lang='lat' dir='ltr'><strong>uideam</strong></span> <span class='ocrx_word' id='word_1_10' title='bbox 1009 422 1082 481; x_wconf 79' lang='lat' dir='ltr'><strong>libe·</strong></span> 
     </span>
    </p>
   </div>
   <div class='ocr_carea' id='block_1_4' title="bbox 120 528 1084 854">
    <p class='ocr_par' dir='ltr' id='par_1_4' title="bbox 120 528 1084 854">
     <span class='ocr_line' id='line_1_4' title="bbox 121 528 1082 676; baseline -0.001 -17"><span class='ocrx_word' id='word_1_11' title='bbox 121 563 378 676; x_wconf 30' lang='lat' dir='ltr'><strong>DEsOpttimam</strong></span> <span class='ocrx_word' id='word_1_12' title='bbox 401 597 523 674; x_wconf 65' lang='lat' dir='ltr'><strong>quidem</strong></span> <span class='ocrx_word' id='word_1_13' title='bbox 545 528 714 663; x_wconf 44' lang='lat' dir='ltr'><strong>uitilierem</strong></span> <span class='ocrx_word' id='word_1_14' title='bbox 753 599 812 658; x_wconf 83' lang='lat' dir='ltr'><strong>SY.</strong></span> <span class='ocrx_word' id='word_1_15' title='bbox 836 599 875 657; x_wconf 90' lang='lat' dir='ltr'><strong>Et</strong></span> <span class='ocrx_word' id='word_1_16' title='bbox 890 596 1013 675; x_wconf 56' lang='lat' dir='ltr'><strong>quidam</strong></span> <span class='ocrx_word' id='word_1_17' title='bbox 1029 607 1082 658; x_wconf 77' lang='lat' dir='ltr'><strong>tuo</strong></span> 
     </span>
     <span class='ocr_line' id='line_1_5' title="bbox 565 685 866 764; baseline 0.003 -19"><span class='ocrx_word' id='word_1_18' title='bbox 565 686 670 764; x_wconf 89' lang='lat' dir='ltr'><strong>nepoti</strong></span> <span class='ocrx_word' id='word_1_19' title='bbox 692 686 781 747; x_wconf 90' lang='lat' dir='ltr'><strong>huius</strong></span> <span class='ocrx_word' id='word_1_20' title='bbox 803 685 866 746; x_wconf 85' lang='lat' dir='ltr'><strong>ftlio</strong></span> 
     </span>
     <span class='ocr_line' id='line_1_6' title="bbox 120 774 1084 854; baseline 0 -18"><span class='ocrx_word' id='word_1_21' title='bbox 120 776 222 838; x_wconf 77' lang='lat' dir='ltr'><strong>Hodie</strong></span> <span class='ocrx_word' id='word_1_22' title='bbox 246 775 342 854; x_wconf 89' lang='lat' dir='ltr'><strong>prima</strong></span> <span class='ocrx_word' id='word_1_23' title='bbox 364 783 524 836; x_wconf 80' lang='lat' dir='ltr'><strong>mammam</strong></span> <span class='ocrx_word' id='word_1_24' title='bbox 548 774 633 835; x_wconf 86' lang='lat' dir='ltr'><strong>dedit</strong></span> <span class='ocrx_word' id='word_1_25' title='bbox 655 777 741 837; x_wconf 86' lang='lat' dir='ltr'><strong>haec.</strong></span> <span class='ocrx_word' id='word_1_26' title='bbox 787 778 852 836; x_wconf 92' lang='lat' dir='ltr'><strong>DE.</strong></span> <span class='ocrx_word' id='word_1_27' title='bbox 877 778 987 837; x_wconf 78' lang='lat' dir='ltr'><strong>Hercle</strong></span> <span class='ocrx_word' id='word_1_28' title='bbox 1010 793 1084 836; x_wconf 87' lang='lat' dir='ltr'><strong>uero</strong></span> 
     </span>
    </p>
   </div>
   <div class='ocr_carea' id='block_1_5' title="bbox 555 863 649 937">
    <p class='ocr_par' dir='ltr' id='par_1_5' title="bbox 555 863 649 937">
     <span class='ocr_line' id='line_1_7' title="bbox 555 863 649 937; baseline 0.053 -19"><span class='ocrx_word' id='word_1_29' title='bbox 555 863 649 937; x_wconf 74' lang='lat' dir='ltr'><strong>setin,</strong></span> 
     </span>
    </p>
   </div>
   <div class='ocr_carea' id='block_1_6' title="bbox 1017 882 1079 942">
    <p class='ocr_par' dir='ltr' id='par_1_6' title="bbox 1017 882 1079 942">
     <span class='ocr_line' id='line_1_8' title="bbox 1017 882 1079 942; baseline 0.032 -2"><span class='ocrx_word' id='word_1_30' title='bbox 1017 882 1079 942; x_wconf 84' lang='lat'><strong>975</strong></span> 
     </span>
    </p>
   </div>
   <div class='ocr_carea' id='block_1_7' title="bbox 116 952 1084 1299">
    <p class='ocr_par' dir='ltr' id='par_1_7' title="bbox 120 952 1084 1120">
     <span class='ocr_line' id='line_1_9' title="bbox 120 952 1084 1031; baseline -0.001 -16"><span class='ocrx_word' id='word_1_31' title='bbox 120 954 278 1031; x_wconf 73' lang='lat' dir='ltr'>Siquidem</span> <span class='ocrx_word' id='word_1_32' title='bbox 301 953 397 1031; x_wconf 90' lang='lat' dir='ltr'><strong>prima</strong></span> <span class='ocrx_word' id='word_1_33' title='bbox 417 952 511 1028; x_wconf 80' lang='lat' dir='ltr'><strong>dedit,</strong></span> <span class='ocrx_word' id='word_1_34' title='bbox 536 954 618 1013; x_wconf 89' lang='lat' dir='ltr'><strong>haud</strong></span> <span class='ocrx_word' id='word_1_35' title='bbox 641 952 797 1015; x_wconf 83' lang='lat' dir='ltr'><strong>dubiumst</strong></span> <span class='ocrx_word' id='word_1_36' title='bbox 818 960 892 1031; x_wconf 84' lang='lat' dir='ltr'><strong>qutn</strong></span> <span class='ocrx_word' id='word_1_37' title='bbox 919 952 1014 1014; x_wconf 89' lang='lat' dir='ltr'><strong>emitti</strong></span> <span class='ocrx_word' id='word_1_38' title='bbox 1036 973 1084 1014; x_wconf 64' lang='lat' dir='ltr'><strong>ae«</strong></span> 
     </span>
     <span class='ocr_line' id='line_1_10' title="bbox 567 1042 747 1120; baseline 0 -18"><span class='ocrx_word' id='word_1_39' title='bbox 567 1051 660 1120; x_wconf 81' lang='lat' dir='ltr'><strong>quom</strong></span> <span class='ocrx_word' id='word_1_40' title='bbox 683 1042 747 1102; x_wconf 89' lang='lat' dir='ltr'><strong>siet.</strong></span> 
     </span>
    </p>

    <p class='ocr_par' dir='ltr' id='par_1_8' title="bbox 116 1110 1083 1299">
     <span class='ocr_line' id='line_1_11' title="bbox 116 1110 1083 1209; baseline 0 -18"><span class='ocrx_word' id='word_1_41' title='bbox 116 1133 176 1191; x_wconf 88' lang='lat' dir='ltr'><strong>MI.</strong></span> <span class='ocrx_word' id='word_1_42' title='bbox 201 1110 253 1192; x_wconf 68' lang='lat' dir='ltr'><strong>Ob</strong></span> <span class='ocrx_word' id='word_1_43' title='bbox 284 1152 349 1192; x_wconf 89' lang='lat' dir='ltr'><strong>eam</strong></span> <span class='ocrx_word' id='word_1_44' title='bbox 378 1132 466 1191; x_wconf 87' lang='lat' dir='ltr'><strong>rem?</strong></span> <span class='ocrx_word' id='word_1_45' title='bbox 511 1133 577 1192; x_wconf 90' lang='lat' dir='ltr'><strong>DE.</strong></span> <span class='ocrx_word' id='word_1_46' title='bbox 608 1133 658 1192; x_wconf 92' lang='lat' dir='ltr'><strong>Ob</strong></span> <span class='ocrx_word' id='word_1_47' title='bbox 685 1148 772 1191; x_wconf 87' lang='lat' dir='ltr'><strong>eam:</strong></span> <span class='ocrx_word' id='word_1_48' title='bbox 812 1140 963 1209; x_wconf 79' lang='lat' dir='ltr'><strong>postremo</strong></span> <span class='ocrx_word' id='word_1_49' title='bbox 993 1151 1012 1190; x_wconf 89' lang='lat' dir='ltr'><strong>a</strong></span> <span class='ocrx_word' id='word_1_50' title='bbox 1033 1150 1083 1191; x_wconf 89' lang='lat' dir='ltr'><strong>me</strong></span> 
     </span>
     <span class='ocr_line' id='line_1_12' title="bbox 564 1219 1016 1299; baseline 0.002 -19"><span class='ocrx_word' id='word_1_51' title='bbox 564 1226 720 1298; x_wconf 77' lang='lat' dir='ltr'><strong>argentum</strong></span> <span class='ocrx_word' id='word_1_52' title='bbox 743 1220 875 1299; x_wconf 87' lang='lat' dir='ltr'><strong>quantist</strong></span> <span class='ocrx_word' id='word_1_53' title='bbox 898 1219 1016 1281; x_wconf 71' lang='lat' dir='ltr'><strong>samito·</strong></span> 
     </span>
    </p>
   </div>
   <div class='ocr_carea' id='block_1_8' title="bbox 102 1573 571 3698">
    <p class='ocr_par' dir='ltr' id='par_1_9' title="bbox 102 1573 571 3698">
     <span class='ocr_line' id='line_1_13' title="bbox 114 1573 571 1625; baseline 0.004 -2"><span class='ocrx_word' id='word_1_54' title='bbox 114 1573 182 1623; x_wconf 87' lang='lat' dir='ltr'><strong>sela</strong></span> <span class='ocrx_word' id='word_1_55' title='bbox 199 1588 245 1622; x_wconf 89' lang='lat' dir='ltr'><strong>sua</strong></span> <span class='ocrx_word' id='word_1_56' title='bbox 255 1574 341 1623; x_wconf 91' lang='lat' dir='ltr'><strong>donna</strong></span> <span class='ocrx_word' id='word_1_57' title='bbox 353 1591 407 1624; x_wconf 88' lang='lat' dir='ltr'><strong>non</strong></span> <span class='ocrx_word' id='word_1_58' title='bbox 424 1574 492 1624; x_wconf 86' lang='lat' dir='ltr'><strong>fosse</strong></span> <span class='ocrx_word' id='word_1_59' title='bbox 505 1581 571 1625; x_wconf 87' lang='lat' dir='ltr'><strong>stata</strong></span> 
     </span>
     <span class='ocr_line' id='line_1_14' title="bbox 113 1635 569 1697; baseline 0.004 -4"><span class='ocrx_word' id='word_1_60' title='bbox 113 1635 198 1694; x_wconf 65' lang='lat' dir='ltr'><strong>libera</strong></span> <span class='ocrx_word' id='word_1_61' title='bbox 209 1660 282 1696; x_wconf 88' lang='lat' dir='ltr'><strong>come</strong></span> <span class='ocrx_word' id='word_1_62' title='bbox 295 1645 340 1697; x_wconf 89' lang='lat' dir='ltr'><strong>lui.</strong></span> <span class='ocrx_word' id='word_1_63' title='bbox 354 1647 403 1696; x_wconf 91' lang='lat' dir='ltr'><strong>Per</strong></span> <span class='ocrx_word' id='word_1_64' title='bbox 415 1645 441 1695; x_wconf 90' lang='lat' dir='ltr'><strong>lo</strong></span> <span class='ocrx_word' id='word_1_65' title='bbox 456 1646 569 1695; x_wconf 89' lang='lat' dir='ltr'><strong>Psichari</strong></span> 
     </span>
     <span class='ocr_line' id='line_1_15' title="bbox 113 1716 568 1783; baseline 0.009 -20"><span class='ocrx_word' id='word_1_66' title='bbox 113 1716 143 1764; x_wconf 92' lang='lat' dir='ltr'><strong>in</strong></span> <span class='ocrx_word' id='word_1_67' title='bbox 171 1731 233 1766; x_wconf 84' lang='lat' dir='ltr'><strong>vece</strong></span> <span class='ocrx_word' id='word_1_68' title='bbox 262 1724 416 1781; x_wconf 78' lang='lat' dir='ltr'><strong>perpetuom</strong></span> <span class='ocrx_word' id='word_1_69' title='bbox 443 1718 568 1783; x_wconf 83' lang='lat' dir='ltr'><strong>gaudium</strong></span> 
     </span>
     <span class='ocr_line' id='line_1_16' title="bbox 113 1787 570 1852; baseline 0.002 -16"><span class='ocrx_word' id='word_1_70' title='bbox 113 1787 227 1837; x_wconf 88' lang='lat' dir='ltr'><strong>avrebbe</strong></span> <span class='ocrx_word' id='word_1_71' title='bbox 238 1788 291 1836; x_wconf 88' lang='lat' dir='ltr'><strong>ben</strong></span> <span class='ocrx_word' id='word_1_72' title='bbox 303 1788 367 1839; x_wconf 89' lang='lat' dir='ltr'><strong>altro</strong></span> <span class='ocrx_word' id='word_1_73' title='bbox 379 1787 478 1837; x_wconf 82' lang='lat' dir='ltr'><strong>valore:</strong></span> <span class='ocrx_word' id='word_1_74' title='bbox 499 1808 511 1831; x_wconf 77' lang='grc' dir='ltr'><strong><em>ι</em></strong></span> <span class='ocrx_word' id='word_1_75' title='bbox 524 1788 570 1852; x_wconf 86' lang='lat' dir='ltr'><strong>Sy·</strong></span> 
     </span>
     <span class='ocr_line' id='line_1_17' title="bbox 113 1858 567 1923; baseline 0.002 -17"><span class='ocrx_word' id='word_1_76' title='bbox 113 1873 159 1906; x_wconf 88' lang='lat' dir='ltr'><strong>rus</strong></span> <span class='ocrx_word' id='word_1_77' title='bbox 177 1858 294 1908; x_wconf 87' lang='lat' dir='ltr'><strong>souhaite</strong></span> <span class='ocrx_word' id='word_1_78' title='bbox 312 1859 344 1909; x_wconf 88' lang='lat' dir='ltr'><strong>de</strong></span> <span class='ocrx_word' id='word_1_79' title='bbox 361 1859 430 1923; x_wconf 87' lang='lat' dir='ltr'><strong>jouir</strong></span> <span class='ocrx_word' id='word_1_80' title='bbox 447 1859 480 1908; x_wconf 88' lang='lat' dir='ltr'><strong>de</strong></span> <span class='ocrx_word' id='word_1_81' title='bbox 491 1874 519 1907; x_wconf 86' lang='lat' dir='ltr'><strong>sa</strong></span> <span class='ocrx_word' id='word_1_82' title='bbox 537 1860 567 1908; x_wconf 92' lang='lat' dir='ltr'><strong>li·</strong></span> 
     </span>
     <span class='ocr_line' id='line_1_18' title="bbox 112 1929 569 1995; baseline 0.002 -17"><span class='ocrx_word' id='word_1_83' title='bbox 112 1929 187 1979; x_wconf 70' lang='lat' dir='ltr'><strong>berte</strong></span> <span class='ocrx_word' id='word_1_84' title='bbox 217 1945 269 1980; x_wconf 89' lang='lat' dir='ltr'><strong>non</strong></span> <span class='ocrx_word' id='word_1_85' title='bbox 301 1946 346 1995; x_wconf 88' lang='lat' dir='ltr'><strong>pas</strong></span> <span class='ocrx_word' id='word_1_86' title='bbox 377 1930 463 1979; x_wconf 86' lang='lat' dir='ltr'><strong>d&#39;une</strong></span> <span class='ocrx_word' id='word_1_87' title='bbox 494 1930 569 1991; x_wconf 59' lang='lat' dir='ltr'><strong>fanon</strong></span> 
     </span>
     <span class='ocr_line' id='line_1_19' title="bbox 112 2000 568 2066; baseline 0.007 -18"><span class='ocrx_word' id='word_1_88' title='bbox 112 2000 256 2066; x_wconf 85' lang='lat' dir='ltr'><strong>provisoire</strong></span> <span class='ocrx_word' id='word_1_89' title='bbox 275 2000 332 2065; x_wconf 86' lang='lat' dir='ltr'>(cfr.</span> <span class='ocrx_word' id='word_1_90' title='bbox 346 2001 371 2050; x_wconf 88' lang='lat' dir='ltr'><strong>la</strong></span> <span class='ocrx_word' id='word_1_91' title='bbox 390 2009 476 2050; x_wconf 88' lang='lat' dir='ltr'><strong>nostra</strong></span> <span class='ocrx_word' id='word_1_92' title='bbox 488 2000 568 2065; x_wconf 86' lang='lat' dir='ltr'><strong>lunga</strong></span> 
     </span>
     <span class='ocr_line' id='line_1_20' title="bbox 112 2070 568 2136; baseline 0.007 -17"><span class='ocrx_word' id='word_1_93' title='bbox 112 2077 178 2120; x_wconf 85' lang='lat' dir='ltr'><strong>nota</strong></span> <span class='ocrx_word' id='word_1_94' title='bbox 195 2071 220 2120; x_wconf 87' lang='grc'><strong>31</strong></span> <span class='ocrx_word' id='word_1_95' title='bbox 239 2088 261 2120; x_wconf 89' lang='lat' dir='ltr'><strong>v.</strong></span> <span class='ocrx_word' id='word_1_96' title='bbox 281 2083 341 2134; x_wconf 79' lang='lat'><strong>970¹</strong></span> <span class='ocrx_word' id='word_1_97' title='bbox 366 2073 393 2121; x_wconf 88' lang='lat' dir='ltr'><strong>in</strong></span> <span class='ocrx_word' id='word_1_98' title='bbox 413 2070 483 2136; x_wconf 80' lang='lat' dir='ltr'><strong>fine),</strong></span> <span class='ocrx_word' id='word_1_99' title='bbox 505 2073 568 2123; x_wconf 88' lang='lat' dir='ltr'><strong>mais</strong></span> 
     </span>
     <span class='ocr_line' id='line_1_21' title="bbox 111 2139 527 2208; baseline 0.007 -18"><span class='ocrx_word' id='word_1_100' title='bbox 111 2139 244 2207; x_wconf 62' lang='lat' dir='ltr'><strong>definitive</strong></span> <span class='ocrx_word' id='word_1_101' title='bbox 263 2143 374 2207; x_wconf 81' lang='lat' dir='ltr'><strong>(perpet.</strong></span> <span class='ocrx_word' id='word_1_102' title='bbox 392 2142 484 2208; x_wconf 69' lang='lat' dir='ltr'><strong>gaunt)</strong></span> <span class='ocrx_word' id='word_1_103' title='bbox 504 2162 527 2193; x_wconf 71' lang='grc' dir='ltr'><strong>ι.</strong></span> 
     </span>
     <span class='ocr_line' id='line_1_22' title="bbox 150 2214 571 2279; baseline 0.007 -18"><span class='ocrx_word' id='word_1_104' title='bbox 150 2224 212 2277; x_wconf 89' lang='lat'><strong>973.</strong></span> <span class='ocrx_word' id='word_1_105' title='bbox 240 2215 388 2279; x_wconf 73' lang='lat' dir='ltr'><em>Phrygiam.</em></span> <span class='ocrx_word' id='word_1_106' title='bbox 421 2214 491 2273; x_wconf 79' lang='lat' dir='ltr'><strong>Sono</strong></span> <span class='ocrx_word' id='word_1_107' title='bbox 521 2215 571 2264; x_wconf 86' lang='lat' dir='ltr'><strong>fre·</strong></span> 
     </span>
     <span class='ocr_line' id='line_1_23' title="bbox 111 2284 569 2349; baseline 0.007 -17"><span class='ocrx_word' id='word_1_108' title='bbox 111 2286 204 2349; x_wconf 83' lang='lat' dir='ltr'><strong>quenti</strong></span> <span class='ocrx_word' id='word_1_109' title='bbox 223 2284 292 2334; x_wconf 89' lang='lat' dir='ltr'><strong>nella</strong></span> <span class='ocrx_word' id='word_1_110' title='bbox 310 2285 478 2334; x_wconf 88' lang='lat' dir='ltr'><strong>commediai</strong></span> <span class='ocrx_word' id='word_1_111' title='bbox 497 2287 569 2335; x_wconf 89' lang='lat' dir='ltr'><strong>nomi</strong></span> 
     </span>
     <span class='ocr_line' id='line_1_24' title="bbox 111 2356 569 2405; baseline 0.002 -1"><span class='ocrx_word' id='word_1_112' title='bbox 111 2356 140 2404; x_wconf 92' lang='lat' dir='ltr'><strong>di</strong></span> <span class='ocrx_word' id='word_1_113' title='bbox 160 2356 255 2404; x_wconf 82' lang='lat' dir='ltr'><strong>schiavi</strong></span> <span class='ocrx_word' id='word_1_114' title='bbox 274 2356 321 2405; x_wconf 89' lang='lat' dir='ltr'><strong>che</strong></span> <span class='ocrx_word' id='word_1_115' title='bbox 345 2356 478 2405; x_wconf 86' lang='lat' dir='ltr'><strong>ricordano</strong></span> <span class='ocrx_word' id='word_1_116' title='bbox 498 2358 569 2405; x_wconf 90' lang='lat' dir='ltr'><strong>nomi</strong></span> 
     </span>
     <span class='ocr_line' id='line_1_25' title="bbox 110 2424 568 2492; baseline 0.002 -17"><span class='ocrx_word' id='word_1_117' title='bbox 110 2427 139 2475; x_wconf 91' lang='lat' dir='ltr'><strong>di</strong></span> <span class='ocrx_word' id='word_1_118' title='bbox 153 2427 256 2492; x_wconf 74' lang='lat' dir='ltr'><strong>popoli:</strong></span> <span class='ocrx_word' id='word_1_119' title='bbox 276 2424 374 2489; x_wconf 77' lang='grc' dir='ltr'><strong><em>Σύρος,</em></strong></span> <span class='ocrx_word' id='word_1_120' title='bbox 391 2424 480 2487; x_wconf 83' lang='grc' dir='ltr'><strong><em>Γέτας,</em></strong></span> <span class='ocrx_word' id='word_1_121' title='bbox 495 2425 568 2476; x_wconf 82' lang='lat' dir='ltr'><strong>Kau-</strong></span> 
     </span>
     <span class='ocr_line' id='line_1_26' title="bbox 109 2494 569 2562; baseline 0 -15"><span class='ocrx_word' id='word_1_122' title='bbox 109 2494 209 2557; x_wconf 79' lang='grc' dir='ltr'><strong><em>πάδοξ,</em></strong></span> <span class='ocrx_word' id='word_1_123' title='bbox 242 2514 302 2557; x_wconf 68' lang='lat' dir='ltr'><strong>ece,</strong></span> <span class='ocrx_word' id='word_1_124' title='bbox 343 2496 450 2562; x_wconf 84' lang='grc' dir='ltr'><em>Φρυγία,</em></span> <span class='ocrx_word' id='word_1_125' title='bbox 482 2495 569 2562; x_wconf 81' lang='grc' dir='ltr'><strong><em>Σύρα,</em></strong></span> 
     </span>
     <span class='ocr_line' id='line_1_27' title="bbox 109 2566 568 2633; baseline 0.002 -15"><span class='ocrx_word' id='word_1_126' title='bbox 109 2566 224 2633; x_wconf 82' lang='grc' dir='ltr'><strong><em>Λεσβία,</em></strong></span> <span class='ocrx_word' id='word_1_127' title='bbox 242 2567 340 2629; x_wconf 86' lang='grc' dir='ltr'><strong><em>Μυσίς,</em></strong></span> <span class='ocrx_word' id='word_1_128' title='bbox 365 2585 416 2619; x_wconf 88' lang='lat' dir='ltr'><strong>ecc.</strong></span> <span class='ocrx_word' id='word_1_129' title='bbox 442 2570 466 2620; x_wconf 93' lang='lat' dir='ltr'><strong>Il</strong></span> <span class='ocrx_word' id='word_1_130' title='bbox 490 2586 568 2619; x_wconf 90' lang='lat' dir='ltr'><strong>nome</strong></span> 
     </span>
     <span class='ocr_line' id='line_1_28' title="bbox 108 2641 567 2705; baseline 0.002 -16"><span class='ocrx_word' id='word_1_131' title='bbox 108 2641 138 2689; x_wconf 89' lang='lat' dir='ltr'><strong>di</strong></span> <span class='ocrx_word' id='word_1_132' title='bbox 159 2641 275 2705; x_wconf 78' lang='lat' dir='ltr'><strong>Phrygia</strong></span> <span class='ocrx_word' id='word_1_133' title='bbox 294 2641 386 2690; x_wconf 85' lang='lat' dir='ltr'><strong>ricorre</strong></span> <span class='ocrx_word' id='word_1_134' title='bbox 410 2642 491 2690; x_wconf 88' lang='lat' dir='ltr'><strong>anche</strong></span> <span class='ocrx_word' id='word_1_135' title='bbox 514 2641 567 2690; x_wconf 91' lang='lat' dir='ltr'><strong>nel·</strong></span> 
     </span>
     <span class='ocr_line' id='line_1_29' title="bbox 108 2712 568 2761; baseline 0.004 -2"><span class='ocrx_word' id='word_1_136' title='bbox 108 2713 127 2759; x_wconf 85' lang='lat' dir='ltr'><strong>l&#39;</strong></span> <span class='ocrx_word' id='word_1_137' title='bbox 138 2712 449 2760; x_wconf 80' lang='lat' dir='ltr'><strong>Heautontimorumenos</strong></span> <span class='ocrx_word' id='word_1_138' title='bbox 468 2729 482 2760; x_wconf 89' lang='lat' dir='ltr'><strong>a</strong></span> <span class='ocrx_word' id='word_1_139' title='bbox 501 2712 568 2761; x_wconf 88' lang='lat' dir='ltr'><strong>indi·</strong></span> 
     </span>
     <span class='ocr_line' id='line_1_30' title="bbox 108 2782 569 2840; baseline 0 -9"><span class='ocrx_word' id='word_1_140' title='bbox 108 2798 170 2832; x_wconf 88' lang='lat' dir='ltr'><strong>care</strong></span> <span class='ocrx_word' id='word_1_141' title='bbox 196 2797 248 2830; x_wconf 90' lang='lat' dir='ltr'><strong>una</strong></span> <span class='ocrx_word' id='word_1_142' title='bbox 265 2782 368 2840; x_wconf 88' lang='lat' dir='ltr'><strong>ancilla,</strong></span> <span class='ocrx_word' id='word_1_143' title='bbox 393 2790 493 2832; x_wconf 88' lang='lat' dir='ltr'><strong>mentre</strong></span> <span class='ocrx_word' id='word_1_144' title='bbox 512 2783 569 2834; x_wconf 88' lang='lat' dir='ltr'><strong>nel·</strong></span> 
     </span>
     <span class='ocr_line' id='line_1_31' title="bbox 108 2848 568 2903; baseline 0.002 -1"><span class='ocrx_word' id='word_1_145' title='bbox 108 2855 126 2902; x_wconf 83' lang='lat' dir='ltr'><strong>l&#39;</strong></span> <span class='ocrx_word' id='word_1_146' title='bbox 138 2852 285 2902; x_wconf 81' lang='lat' dir='ltr'><em>Aulularia</em></span> <span class='ocrx_word' id='word_1_147' title='bbox 303 2848 317 2900; x_wconf 76' lang='grc' dir='ltr'>ὲ</span> <span class='ocrx_word' id='word_1_148' title='bbox 336 2853 355 2901; x_wconf 88' lang='lat' dir='ltr'><strong>il</strong></span> <span class='ocrx_word' id='word_1_149' title='bbox 377 2868 454 2902; x_wconf 86' lang='lat' dir='ltr'><strong>nome</strong></span> <span class='ocrx_word' id='word_1_150' title='bbox 472 2854 497 2902; x_wconf 93' lang='lat' dir='ltr'><strong>di</strong></span> <span class='ocrx_word' id='word_1_151' title='bbox 517 2870 568 2903; x_wconf 86' lang='lat' dir='ltr'><strong>nna</strong></span> 
     </span>
     <span class='ocr_line' id='line_1_32' title="bbox 107 2924 566 2989; baseline -0.004 -15"><span class='ocrx_word' id='word_1_152' title='bbox 107 2925 226 2974; x_wconf 81' lang='lat' dir='ltr'><strong>tibicina.</strong></span> <span class='ocrx_word' id='word_1_153' title='bbox 247 2948 280 2957; x_wconf 89' lang='lat'>-</span> <span class='ocrx_word' id='word_1_154' title='bbox 298 2932 330 2972; x_wconf 92' lang='lat' dir='ltr'><strong>ut</strong></span> <span class='ocrx_word' id='word_1_155' title='bbox 346 2924 489 2973; x_wconf 89' lang='lat' dir='ltr'><strong>determina</strong></span> <span class='ocrx_word' id='word_1_156' title='bbox 504 2933 566 2989; x_wconf 86' lang='lat' dir='ltr'><strong>per-</strong></span> 
     </span>
     <span class='ocr_line' id='line_1_33' title="bbox 102 2995 567 3060; baseline 0 -16"><span class='ocrx_word' id='word_1_157' title='bbox 102 3002 214 3060; x_wconf 83' lang='lat' dir='ltr'><strong>petuom</strong></span> <span class='ocrx_word' id='word_1_158' title='bbox 233 2995 398 3059; x_wconf 87' lang='lat' dir='ltr'><strong>precedente;</strong></span> <span class='ocrx_word' id='word_1_159' title='bbox 421 3014 434 3038; x_wconf 72' lang='grc' dir='ltr'><strong><em>ι</em></strong></span> <span class='ocrx_word' id='word_1_160' title='bbox 448 2996 477 3044; x_wconf 93' lang='lat' dir='ltr'><strong>in</strong></span> <span class='ocrx_word' id='word_1_161' title='bbox 490 2996 567 3044; x_wconf 91' lang='lat' dir='ltr'><strong>modo</strong></span> 
     </span>
     <span class='ocr_line' id='line_1_34' title="bbox 107 3067 568 3131; baseline 0.002 -16"><span class='ocrx_word' id='word_1_162' title='bbox 107 3067 159 3115; x_wconf 85' lang='lat' dir='ltr'><strong>che</strong></span> <span class='ocrx_word' id='word_1_163' title='bbox 187 3084 210 3115; x_wconf 68' lang='grc' dir='ltr'><strong>ι.</strong></span> <span class='ocrx_word' id='word_1_164' title='bbox 237 3089 270 3098; x_wconf 93' lang='grc'>-</span> <span class='ocrx_word' id='word_1_165' title='bbox 295 3082 411 3115; x_wconf 84' lang='lat' dir='ltr'><strong>uxorem.</strong></span> <span class='ocrx_word' id='word_1_166' title='bbox 436 3068 460 3114; x_wconf 94' lang='lat' dir='ltr'>A</span> <span class='ocrx_word' id='word_1_167' title='bbox 484 3067 568 3131; x_wconf 83' lang='lat' dir='ltr'><strong>rigore</strong></span> 
     </span>
     <span class='ocr_line' id='line_1_35' title="bbox 108 3137 568 3201; baseline 0.002 -15"><span class='ocrx_word' id='word_1_168' title='bbox 108 3137 170 3187; x_wconf 89' lang='lat' dir='ltr'><strong>Siro</strong></span> <span class='ocrx_word' id='word_1_169' title='bbox 190 3152 243 3184; x_wconf 89' lang='lat' dir='ltr'><strong>non</strong></span> <span class='ocrx_word' id='word_1_170' title='bbox 266 3137 376 3186; x_wconf 85' lang='lat' dir='ltr'><strong>avrebbe</strong></span> <span class='ocrx_word' id='word_1_171' title='bbox 403 3144 494 3201; x_wconf 88' lang='lat' dir='ltr'><strong>potuto</strong></span> <span class='ocrx_word' id='word_1_172' title='bbox 513 3138 568 3188; x_wconf 85' lang='lat' dir='ltr'><strong>dire</strong></span> 
     </span>
     <span class='ocr_line' id='line_1_36' title="bbox 107 3204 568 3273; baseline 0.002 -16"><span class='ocrx_word' id='word_1_173' title='bbox 107 3204 146 3257; x_wconf 68' lang='lat' dir='ltr'><strong>ne</strong></span> <span class='ocrx_word' id='word_1_174' title='bbox 165 3223 273 3256; x_wconf 83' lang='lat' dir='ltr'><strong>uxorem</strong></span> <span class='ocrx_word' id='word_1_175' title='bbox 292 3224 306 3256; x_wconf 95' lang='lat' dir='ltr'><strong>e</strong></span> <span class='ocrx_word' id='word_1_176' title='bbox 325 3204 358 3256; x_wconf 68' lang='lat' dir='ltr'><strong>ne</strong></span> <span class='ocrx_word' id='word_1_177' title='bbox 382 3223 446 3273; x_wconf 86' lang='lat' dir='ltr'><strong>pure</strong></span> <span class='ocrx_word' id='word_1_178' title='bbox 478 3211 568 3258; x_wconf 84' lang='lat' dir='ltr'><strong>coniu-</strong></span> 
     </span>
     <span class='ocr_line' id='line_1_37' title="bbox 102 3278 566 3345; baseline 0.004 -19"><span class='ocrx_word' id='word_1_179' title='bbox 102 3294 174 3345; x_wconf 78' lang='lat' dir='ltr'><strong>gem,</strong></span> <span class='ocrx_word' id='word_1_180' title='bbox 204 3294 245 3326; x_wconf 90' lang='lat' dir='ltr'><strong>ma</strong></span> <span class='ocrx_word' id='word_1_181' title='bbox 269 3278 326 3327; x_wconf 88' lang='lat' dir='ltr'><strong>solo</strong></span> <span class='ocrx_word' id='word_1_182' title='bbox 350 3279 566 3340; x_wconf 77' lang='lat' dir='ltr'><strong>contubernalem,</strong></span> 
     </span>
     <span class='ocr_line' id='line_1_38' title="bbox 104 3344 568 3416; baseline 0 -17"><span class='ocrx_word' id='word_1_183' title='bbox 104 3344 204 3416; x_wconf 65' lang='lat' dir='ltr'><strong>perche</strong></span> <span class='ocrx_word' id='word_1_184' title='bbox 221 3349 259 3413; x_wconf 85' lang='lat' dir='ltr'><strong>gli</strong></span> <span class='ocrx_word' id='word_1_185' title='bbox 271 3350 373 3414; x_wconf 83' lang='lat' dir='ltr'><strong>schiavi,</strong></span> <span class='ocrx_word' id='word_1_186' title='bbox 395 3350 403 3398; x_wconf 92' lang='lat' dir='ltr'><strong>i</strong></span> <span class='ocrx_word' id='word_1_187' title='bbox 423 3350 495 3414; x_wconf 88' lang='lat' dir='ltr'><strong>quali</strong></span> <span class='ocrx_word' id='word_1_188' title='bbox 515 3366 568 3399; x_wconf 90' lang='lat' dir='ltr'><strong>non</strong></span> 
     </span>
     <span class='ocr_line' id='line_1_39' title="bbox 104 3421 567 3487; baseline 0.002 -18"><span class='ocrx_word' id='word_1_189' title='bbox 104 3426 247 3487; x_wconf 86' lang='lat' dir='ltr'><strong>potevan0,</strong></span> <span class='ocrx_word' id='word_1_190' title='bbox 267 3421 305 3469; x_wconf 89' lang='lat' dir='ltr'><strong>sia</strong></span> <span class='ocrx_word' id='word_1_191' title='bbox 328 3421 356 3469; x_wconf 89' lang='lat' dir='ltr'><strong>in</strong></span> <span class='ocrx_word' id='word_1_192' title='bbox 378 3421 461 3469; x_wconf 89' lang='lat' dir='ltr'><strong>Roma</strong></span> <span class='ocrx_word' id='word_1_193' title='bbox 483 3421 520 3470; x_wconf 88' lang='lat' dir='ltr'><strong>sia</strong></span> <span class='ocrx_word' id='word_1_194' title='bbox 539 3422 567 3470; x_wconf 90' lang='lat' dir='ltr'><strong>in</strong></span> 
     </span>
     <span class='ocr_line' id='line_1_40' title="bbox 103 3494 566 3554; baseline -0.002 -13"><span class='ocrx_word' id='word_1_195' title='bbox 103 3495 201 3554; x_wconf 88' lang='lat' dir='ltr'><strong>Atene,</strong></span> <span class='ocrx_word' id='word_1_196' title='bbox 226 3499 354 3540; x_wconf 86' lang='lat' dir='ltr'><strong>eontrarre</strong></span> <span class='ocrx_word' id='word_1_197' title='bbox 373 3507 408 3540; x_wconf 88' lang='lat' dir='ltr'><strong>un</strong></span> <span class='ocrx_word' id='word_1_198' title='bbox 433 3494 566 3541; x_wconf 85' lang='lat' dir='ltr'><strong>matrimo-</strong></span> 
     </span>
     <span class='ocr_line' id='line_1_41' title="bbox 103 3559 567 3621; baseline 0 -9"><span class='ocrx_word' id='word_1_199' title='bbox 103 3564 183 3612; x_wconf 84' lang='lat' dir='ltr'><strong>nium</strong></span> <span class='ocrx_word' id='word_1_200' title='bbox 196 3562 302 3621; x_wconf 79' lang='lat' dir='ltr'><strong>tustum,</strong></span> <span class='ocrx_word' id='word_1_201' title='bbox 325 3559 381 3612; x_wconf 68' lang='lat' dir='ltr'><strong>cine</strong></span> <span class='ocrx_word' id='word_1_202' title='bbox 394 3563 567 3612; x_wconf 85' lang='lat' dir='ltr'><strong>riconosciuto</strong></span> 
     </span>
     <span class='ocr_line' id='line_1_42' title="bbox 102 3632 566 3698; baseline 0.002 -17"><span class='ocrx_word' id='word_1_203' title='bbox 102 3632 177 3682; x_wconf 87' lang='lat' dir='ltr'><strong>dalle</strong></span> <span class='ocrx_word' id='word_1_204' title='bbox 205 3632 281 3698; x_wconf 85' lang='lat' dir='ltr'><strong>leggi,</strong></span> <span class='ocrx_word' id='word_1_205' title='bbox 308 3650 361 3682; x_wconf 91' lang='lat' dir='ltr'><strong>non</strong></span> <span class='ocrx_word' id='word_1_206' title='bbox 390 3635 514 3685; x_wconf 89' lang='lat' dir='ltr'><strong>vivevano</strong></span> <span class='ocrx_word' id='word_1_207' title='bbox 539 3634 566 3682; x_wconf 87' lang='lat' dir='ltr'><strong>in</strong></span> 
     </span>
    </p>
   </div>
   <div class='ocr_carea' id='block_1_9' title="bbox 617 1574 1086 3685">
    <p class='ocr_par' dir='ltr' id='par_1_10' title="bbox 624 1574 1086 1995">
     <span class='ocr_line' id='line_1_43' title="bbox 626 1574 1083 1633; baseline -0.004 -10"><span class='ocrx_word' id='word_1_208' title='bbox 626 1574 771 1633; x_wconf 82' lang='lat' dir='ltr'><strong>conubium,</strong></span> <span class='ocrx_word' id='word_1_209' title='bbox 782 1590 824 1623; x_wconf 90' lang='lat' dir='ltr'><strong>ma</strong></span> <span class='ocrx_word' id='word_1_210' title='bbox 837 1574 893 1623; x_wconf 87' lang='lat' dir='ltr'><strong>solo</strong></span> <span class='ocrx_word' id='word_1_211' title='bbox 906 1575 934 1623; x_wconf 93' lang='lat' dir='ltr'><strong>in</strong></span> <span class='ocrx_word' id='word_1_212' title='bbox 946 1574 1083 1622; x_wconf 84' lang='lat' dir='ltr'><strong>contuber-</strong></span> 
     </span>
     <span class='ocr_line' id='line_1_44' title="bbox 625 1643 1079 1708; baseline -0.004 -14"><span class='ocrx_word' id='word_1_213' title='bbox 625 1648 707 1695; x_wconf 82' lang='lat' dir='ltr'><strong>nium.</strong></span> <span class='ocrx_word' id='word_1_214' title='bbox 728 1644 876 1696; x_wconf 83' lang='lat' dir='ltr'><strong>Cfr.P1aut.</strong></span> <span class='ocrx_word' id='word_1_215' title='bbox 900 1646 956 1695; x_wconf 83' lang='lat' dir='ltr'><strong>Cas.</strong></span> <span class='ocrx_word' id='word_1_216' title='bbox 977 1643 1010 1692; x_wconf 90' lang='lat'><strong>68</strong></span> <span class='ocrx_word' id='word_1_217' title='bbox 1024 1658 1079 1708; x_wconf 83' lang='lat' dir='ltr'>sgg.</span> 
     </span>
     <span class='ocr_line' id='line_1_45' title="bbox 626 1716 1082 1781; baseline -0.009 -15"><span class='ocrx_word' id='word_1_218' title='bbox 626 1716 733 1766; x_wconf 80' lang='lat' dir='ltr'><strong>seruiles</strong></span> <span class='ocrx_word' id='word_1_219' title='bbox 752 1719 880 1781; x_wconf 69' lang='lat' dir='ltr'><strong>nuptiae)</strong></span> <span class='ocrx_word' id='word_1_220' title='bbox 900 1717 996 1765; x_wconf 84' lang='lat' dir='ltr'><strong>Seruin</strong></span> <span class='ocrx_word' id='word_1_221' title='bbox 1015 1732 1082 1764; x_wconf 82' lang='lat' dir='ltr'><strong>uxo·</strong></span> 
     </span>
     <span class='ocr_line' id='line_1_46' title="bbox 625 1787 1081 1852; baseline -0.002 -17"><span class='ocrx_word' id='word_1_222' title='bbox 625 1804 679 1836; x_wconf 83' lang='lat' dir='ltr'><strong>rem</strong></span> <span class='ocrx_word' id='word_1_223' title='bbox 705 1788 800 1837; x_wconf 84' lang='lat' dir='ltr'><strong>ducent</strong></span> <span class='ocrx_word' id='word_1_224' title='bbox 819 1793 868 1836; x_wconf 87' lang='lat' dir='ltr'><strong>aut</strong></span> <span class='ocrx_word' id='word_1_225' title='bbox 885 1792 995 1852; x_wconf 76' lang='lat' dir='ltr'><strong>poscent</strong></span> <span class='ocrx_word' id='word_1_226' title='bbox 1011 1787 1081 1834; x_wconf 70' lang='lat' dir='ltr'><strong>sibit</strong></span> 
     </span>
     <span class='ocr_line' id='line_1_47' title="bbox 624 1857 1086 1921; baseline -0.006 -14"><span class='ocrx_word' id='word_1_227' title='bbox 624 1860 728 1908; x_wconf 90' lang='lat' dir='ltr'><strong>Nouom</strong></span> <span class='ocrx_word' id='word_1_228' title='bbox 765 1858 920 1917; x_wconf 81' lang='lat' dir='ltr'><strong>attulerunt,</strong></span> <span class='ocrx_word' id='word_1_229' title='bbox 953 1858 1025 1921; x_wconf 85' lang='lat' dir='ltr'><strong>quod</strong></span> <span class='ocrx_word' id='word_1_230' title='bbox 1051 1857 1086 1912; x_wconf 76' lang='lat' dir='ltr'><strong>fit</strong></span> 
     </span>
     <span class='ocr_line' id='line_1_48' title="bbox 626 1930 898 1995; baseline -0.004 -17"><span class='ocrx_word' id='word_1_231' title='bbox 626 1945 757 1994; x_wconf 87' lang='lat' dir='ltr'><strong>nusquam</strong></span> <span class='ocrx_word' id='word_1_232' title='bbox 774 1930 898 1995; x_wconf 82' lang='lat' dir='ltr'><strong>gentium.</strong></span> 
     </span>
    </p>

    <p class='ocr_par' dir='ltr' id='par_1_11' title="bbox 624 2000 1083 2349">
     <span class='ocr_line' id='line_1_49' title="bbox 663 2000 1081 2064; baseline 0 -17"><span class='ocrx_word' id='word_1_233' title='bbox 663 2011 724 2063; x_wconf 86' lang='lat'><strong>974.</strong></span> <span class='ocrx_word' id='word_1_234' title='bbox 744 2003 870 2064; x_wconf 80' lang='lat' dir='ltr'><strong>quidem...</strong></span> <span class='ocrx_word' id='word_1_235' title='bbox 896 2000 998 2063; x_wconf 86' lang='lat' dir='ltr'><strong>quidem</strong></span> <span class='ocrx_word' id='word_1_236' title='bbox 1017 2013 1081 2047; x_wconf 89' lang='lat' dir='ltr'><strong>sono</strong></span> 
     </span>
     <span class='ocr_line' id='line_1_50' title="bbox 625 2069 1083 2137; baseline -0.004 -18"><span class='ocrx_word' id='word_1_237' title='bbox 625 2072 676 2121; x_wconf 87' lang='lat' dir='ltr'><strong>dne</strong></span> <span class='ocrx_word' id='word_1_238' title='bbox 694 2072 808 2137; x_wconf 83' lang='lat' dir='ltr'><strong>pirrichi.</strong></span> <span class='ocrx_word' id='word_1_239' title='bbox 828 2096 861 2105; x_wconf 93' lang='lat'><em>-</em></span> <span class='ocrx_word' id='word_1_240' title='bbox 885 2078 928 2119; x_wconf 89' lang='lat' dir='ltr'><strong>tuo</strong></span> <span class='ocrx_word' id='word_1_241' title='bbox 946 2069 1083 2133; x_wconf 85' lang='lat' dir='ltr'><strong>(monosil·</strong></span> 
     </span>
     <span class='ocr_line' id='line_1_51' title="bbox 624 2138 1079 2208; baseline -0.007 -17"><span class='ocrx_word' id='word_1_242' title='bbox 624 2140 696 2208; x_wconf 87' lang='lat' dir='ltr'><strong>labo)</strong></span> <span class='ocrx_word' id='word_1_243' title='bbox 725 2138 739 2190; x_wconf 75' lang='grc' dir='ltr'>ὲ</span> <span class='ocrx_word' id='word_1_244' title='bbox 768 2144 839 2191; x_wconf 90' lang='lat' dir='ltr'><strong>detto</strong></span> <span class='ocrx_word' id='word_1_245' title='bbox 869 2158 885 2189; x_wconf 89' lang='lat' dir='ltr'><strong>a</strong></span> <span class='ocrx_word' id='word_1_246' title='bbox 912 2142 1018 2191; x_wconf 87' lang='lat' dir='ltr'><strong>Demea.</strong></span> <span class='ocrx_word' id='word_1_247' title='bbox 1046 2167 1079 2176; x_wconf 91' lang='lat'><strong>·-</strong></span> 
     </span>
     <span class='ocr_line' id='line_1_52' title="bbox 624 2208 1083 2274; baseline -0.004 -12"><span class='ocrx_word' id='word_1_248' title='bbox 624 2215 710 2272; x_wconf 79' lang='lat' dir='ltr'><strong>huius,</strong></span> <span class='ocrx_word' id='word_1_249' title='bbox 731 2214 757 2262; x_wconf 94' lang='lat' dir='ltr'><strong>di</strong></span> <span class='ocrx_word' id='word_1_250' title='bbox 770 2212 894 2274; x_wconf 89' lang='lat' dir='ltr'><strong>Eschino;</strong></span> <span class='ocrx_word' id='word_1_251' title='bbox 915 2208 929 2261; x_wconf 75' lang='grc' dir='ltr'>ὲ</span> <span class='ocrx_word' id='word_1_252' title='bbox 949 2212 1083 2272; x_wconf 85' lang='lat' dir='ltr'><strong>anch&#39;esso</strong></span> 
     </span>
     <span class='ocr_line' id='line_1_53' title="bbox 624 2284 995 2349; baseline -0.005 -16"><span class='ocrx_word' id='word_1_253' title='bbox 624 2285 798 2334; x_wconf 90' lang='lat' dir='ltr'><strong>monosillabo</strong></span> <span class='ocrx_word' id='word_1_254' title='bbox 818 2300 864 2349; x_wconf 88' lang='lat' dir='ltr'><strong>per</strong></span> <span class='ocrx_word' id='word_1_255' title='bbox 884 2284 995 2335; x_wconf 86' lang='lat' dir='ltr'><strong>sinizesi.</strong></span> 
     </span>
    </p>

    <p class='ocr_par' dir='ltr' id='par_1_12' title="bbox 625 2354 1082 2476">
     <span class='ocr_line' id='line_1_54' title="bbox 660 2354 1082 2419; baseline -0.005 -14"><span class='ocrx_word' id='word_1_256' title='bbox 660 2366 721 2419; x_wconf 78' lang='lat'>975.</span> <span class='ocrx_word' id='word_1_257' title='bbox 746 2356 841 2405; x_wconf 82' lang='lat' dir='ltr'><strong>Hercle</strong></span> <span class='ocrx_word' id='word_1_258' title='bbox 865 2372 928 2405; x_wconf 85' lang='lat' dir='ltr'><strong>uero</strong></span> <span class='ocrx_word' id='word_1_259' title='bbox 952 2357 1027 2404; x_wconf 84' lang='lat' dir='ltr'><strong>serio.</strong></span> <span class='ocrx_word' id='word_1_260' title='bbox 1053 2354 1082 2403; x_wconf 85' lang='lat' dir='ltr'><strong>si.</strong></span> 
     </span>
     <span class='ocr_line' id='line_1_55' title="bbox 625 2428 812 2476; baseline 0.011 -2"><span class='ocrx_word' id='word_1_261' title='bbox 625 2428 679 2476; x_wconf 86' lang='lat' dir='ltr'><strong>noti</strong></span> <span class='ocrx_word' id='word_1_262' title='bbox 698 2428 714 2475; x_wconf 86' lang='lat' dir='ltr'><strong>l’</strong></span> <span class='ocrx_word' id='word_1_263' title='bbox 723 2428 812 2476; x_wconf 88' lang='lat' dir='ltr'><strong>ironia.</strong></span> 
     </span>
    </p>

    <p class='ocr_par' dir='ltr' id='par_1_13' title="bbox 622 2497 1081 2762">
     <span class='ocr_line' id='line_1_56' title="bbox 661 2497 1081 2560; baseline -0.005 -14"><span class='ocrx_word' id='word_1_264' title='bbox 661 2500 721 2560; x_wconf 89' lang='lat'>976.</span> <span class='ocrx_word' id='word_1_265' title='bbox 747 2500 834 2556; x_wconf 83' lang='lat' dir='ltr'><strong>emitti,</strong></span> <span class='ocrx_word' id='word_1_266' title='bbox 861 2498 905 2548; x_wconf 88' lang='lat' dir='ltr'><strong>scl.</strong></span> <span class='ocrx_word' id='word_1_267' title='bbox 931 2514 1033 2554; x_wconf 88' lang='lat' dir='ltr'><strong>manu,·</strong></span> <span class='ocrx_word' id='word_1_268' title='bbox 1055 2497 1081 2545; x_wconf 95' lang='grc'><strong>13</strong></span> 
     </span>
     <span class='ocr_line' id='line_1_57' title="bbox 623 2566 1080 2634; baseline 0.002 -18"><span class='ocrx_word' id='word_1_269' title='bbox 623 2568 690 2619; x_wconf 88' lang='lat' dir='ltr'><strong>srase</strong></span> <span class='ocrx_word' id='word_1_270' title='bbox 708 2566 723 2617; x_wconf 81' lang='grc' dir='ltr'>ὲ</span> <span class='ocrx_word' id='word_1_271' title='bbox 738 2571 867 2634; x_wconf 83' lang='lat' dir='ltr'><strong>compiuta</strong></span> <span class='ocrx_word' id='word_1_272' title='bbox 886 2571 913 2618; x_wconf 90' lang='lat' dir='ltr'><strong>in</strong></span> <span class='ocrx_word' id='word_1_273' title='bbox 926 2570 1006 2619; x_wconf 76' lang='lat' dir='ltr'><strong>Phor.</strong></span> <span class='ocrx_word' id='word_1_274' title='bbox 1020 2566 1080 2631; x_wconf 83' lang='lat'>830.</span> 
     </span>
     <span class='ocr_line' id='line_1_58' title="bbox 623 2635 1081 2703; baseline -0.002 -15"><span class='ocrx_word' id='word_1_275' title='bbox 623 2639 676 2688; x_wconf 81' lang='lat' dir='ltr'><strong>cfr.</strong></span> <span class='ocrx_word' id='word_1_276' title='bbox 696 2640 722 2689; x_wconf 92' lang='grc'><strong>13</strong></span> <span class='ocrx_word' id='word_1_277' title='bbox 741 2649 801 2690; x_wconf 86' lang='lat' dir='ltr'><strong>nota</strong></span> <span class='ocrx_word' id='word_1_278' title='bbox 814 2642 839 2690; x_wconf 82' lang='lat' dir='ltr'><strong>al</strong></span> <span class='ocrx_word' id='word_1_279' title='bbox 853 2657 876 2689; x_wconf 85' lang='lat' dir='ltr'><strong>v.</strong></span> <span class='ocrx_word' id='word_1_280' title='bbox 891 2651 951 2703; x_wconf 88' lang='lat'>970.</span> <span class='ocrx_word' id='word_1_281' title='bbox 968 2635 1001 2674; x_wconf 86' lang='lat'><strong>-&#39;-</strong></span> <span class='ocrx_word' id='word_1_282' title='bbox 1015 2640 1081 2688; x_wconf 83' lang='lat' dir='ltr'><strong>siet:</strong></span> 
     </span>
     <span class='ocr_line' id='line_1_59' title="bbox 622 2711 793 2762; baseline 0 -2"><span class='ocrx_word' id='word_1_283' title='bbox 622 2711 668 2762; x_wconf 85' lang='lat' dir='ltr'>cfr.</span> <span class='ocrx_word' id='word_1_284' title='bbox 689 2728 712 2761; x_wconf 89' lang='lat' dir='ltr'><strong>v.</strong></span> <span class='ocrx_word' id='word_1_285' title='bbox 733 2711 793 2761; x_wconf 84' lang='lat'>282.</span> 
     </span>
    </p>

    <p class='ocr_par' dir='ltr' id='par_1_14' title="bbox 617 2781 1083 3685">
     <span class='ocr_line' id='line_1_60' title="bbox 659 2781 1083 2846; baseline -0.005 -15"><span class='ocrx_word' id='word_1_286' title='bbox 659 2793 720 2845; x_wconf 86' lang='lat'><strong>977.</strong></span> <span class='ocrx_word' id='word_1_287' title='bbox 737 2789 881 2846; x_wconf 82' lang='lat' dir='ltr'><strong>postremo:</strong></span> <span class='ocrx_word' id='word_1_288' title='bbox 905 2782 951 2832; x_wconf 86' lang='lat' dir='ltr'><strong>cfr.</strong></span> <span class='ocrx_word' id='word_1_289' title='bbox 976 2781 1002 2829; x_wconf 87' lang='lat' dir='ltr'><strong>la</strong></span> <span class='ocrx_word' id='word_1_290' title='bbox 1020 2789 1083 2830; x_wconf 87' lang='lat' dir='ltr'><strong>nota</strong></span> 
     </span>
     <span class='ocr_line' id='line_1_61' title="bbox 621 2853 1080 2916; baseline -0.004 -14"><span class='ocrx_word' id='word_1_291' title='bbox 621 2854 647 2903; x_wconf 90' lang='lat' dir='ltr'><strong>al</strong></span> <span class='ocrx_word' id='word_1_292' title='bbox 665 2870 688 2902; x_wconf 84' lang='lat' dir='ltr'><strong>v.</strong></span> <span class='ocrx_word' id='word_1_293' title='bbox 711 2868 769 2916; x_wconf 87' lang='lat'><strong>123.</strong></span> <span class='ocrx_word' id='word_1_294' title='bbox 792 2881 819 2889; x_wconf 92' lang='lat'>-</span> <span class='ocrx_word' id='word_1_295' title='bbox 841 2870 857 2902; x_wconf 91' lang='lat' dir='ltr'><strong>a</strong></span> <span class='ocrx_word' id='word_1_296' title='bbox 880 2869 943 2902; x_wconf 89' lang='lat' dir='ltr'><strong>me...</strong></span> <span class='ocrx_word' id='word_1_297' title='bbox 967 2853 1080 2901; x_wconf 82' lang='lat' dir='ltr'><strong>sumito:</strong></span> 
     </span>
     <span class='ocr_line' id='line_1_62' title="bbox 622 2922 1082 2975; baseline -0.009 -1"><span class='ocrx_word' id='word_1_298' title='bbox 622 2924 667 2975; x_wconf 84' lang='lat' dir='ltr'>cfr.</span> <span class='ocrx_word' id='word_1_299' title='bbox 697 2925 780 2974; x_wconf 90' lang='lat' dir='ltr'><strong>Plaut.</strong></span> <span class='ocrx_word' id='word_1_300' title='bbox 811 2925 837 2973; x_wconf 89' lang='lat' dir='ltr'><em>T</em></span> <span class='ocrx_word' id='word_1_301' title='bbox 837 2925 889 2973; x_wconf 81' lang='lat' dir='ltr'><strong>rin.</strong></span> <span class='ocrx_word' id='word_1_302' title='bbox 921 2922 970 2972; x_wconf 89' lang='lat'><strong>182</strong></span> <span class='ocrx_word' id='word_1_303' title='bbox 997 2939 1014 2971; x_wconf 88' lang='lat' dir='ltr'><strong>a</strong></span> <span class='ocrx_word' id='word_1_304' title='bbox 1041 2938 1082 2971; x_wconf 84' lang='lat' dir='ltr'><strong>me</strong></span> 
     </span>
     <span class='ocr_line' id='line_1_63' title="bbox 622 2995 1079 3061; baseline -0.004 -18"><span class='ocrx_word' id='word_1_305' title='bbox 622 3003 760 3061; x_wconf 80' lang='lat' dir='ltr'><strong>argentum</strong></span> <span class='ocrx_word' id='word_1_306' title='bbox 789 2996 870 3054; x_wconf 78' lang='lat' dir='ltr'><strong>dedi,·</strong></span> <span class='ocrx_word' id='word_1_307' title='bbox 897 2995 960 3043; x_wconf 85' lang='lat' dir='ltr'><strong>ibid.</strong></span> <span class='ocrx_word' id='word_1_308' title='bbox 993 3007 1079 3054; x_wconf 83' lang='lat'>1144;</span> 
     </span>
     <span class='ocr_line' id='line_1_64' title="bbox 623 3063 1077 3131; baseline -0.007 -17"><span class='ocrx_word' id='word_1_309' title='bbox 623 3068 717 3117; x_wconf 83' lang='lat' dir='ltr'><strong>Pseud.</strong></span> <span class='ocrx_word' id='word_1_310' title='bbox 738 3077 789 3129; x_wconf 90' lang='lat'><strong>714</strong></span> <span class='ocrx_word' id='word_1_311' title='bbox 809 3063 908 3131; x_wconf 82' lang='lat' dir='ltr'><strong>(Lot.);</strong></span> <span class='ocrx_word' id='word_1_312' title='bbox 928 3065 1006 3114; x_wconf 75' lang='lat' dir='ltr'><strong>Stich.</strong></span> <span class='ocrx_word' id='word_1_313' title='bbox 1027 3072 1077 3129; x_wconf 82' lang='lat'><strong>255</strong></span> 
     </span>
     <span class='ocr_line' id='line_1_65' title="bbox 622 3136 1081 3201; baseline -0.004 -16"><span class='ocrx_word' id='word_1_314' title='bbox 622 3144 653 3185; x_wconf 87' lang='lat' dir='ltr'><strong>ut</strong></span> <span class='ocrx_word' id='word_1_315' title='bbox 670 3146 718 3201; x_wconf 82' lang='lat' dir='ltr'><strong>aps</strong></span> <span class='ocrx_word' id='word_1_316' title='bbox 732 3146 755 3187; x_wconf 89' lang='lat' dir='ltr'><strong>te</strong></span> <span class='ocrx_word' id='word_1_317' title='bbox 774 3145 889 3187; x_wconf 90' lang='lat' dir='ltr'><strong>mutuom</strong></span> <span class='ocrx_word' id='word_1_318' title='bbox 908 3137 979 3186; x_wconf 84' lang='lat' dir='ltr'><strong>nobis</strong></span> <span class='ocrx_word' id='word_1_319' title='bbox 999 3136 1058 3184; x_wconf 83' lang='lat' dir='ltr'><strong>duis</strong></span> <span class='ocrx_word' id='word_1_320' title='bbox 1069 3152 1081 3191; x_wconf 79' lang='lat'><strong>,¹</strong></span> 
     </span>
     <span class='ocr_line' id='line_1_66' title="bbox 622 3207 1081 3273; baseline -0.007 -17"><span class='ocrx_word' id='word_1_321' title='bbox 622 3223 676 3257; x_wconf 68' lang='lat' dir='ltr'><strong>ecc·</strong></span> <span class='ocrx_word' id='word_1_322' title='bbox 700 3234 734 3244; x_wconf 89' lang='lat'>—</span> <span class='ocrx_word' id='word_1_323' title='bbox 764 3209 889 3273; x_wconf 80' lang='lat' dir='ltr'><strong>quantist,</strong></span> <span class='ocrx_word' id='word_1_324' title='bbox 918 3207 963 3260; x_wconf 85' lang='lat' dir='ltr'><strong>scl.</strong></span> <span class='ocrx_word' id='word_1_325' title='bbox 987 3213 1081 3270; x_wconf 81' lang='lat' dir='ltr'><strong>empta.</strong></span> 
     </span>
     <span class='ocr_line' id='line_1_67' title="bbox 621 3275 1081 3343; baseline -0.007 -16"><span class='ocrx_word' id='word_1_326' title='bbox 621 3276 718 3329; x_wconf 73' lang='lat' dir='ltr'><strong>Perche</strong></span> <span class='ocrx_word' id='word_1_327' title='bbox 751 3280 864 3329; x_wconf 89' lang='lat' dir='ltr'><strong>Micione</strong></span> <span class='ocrx_word' id='word_1_328' title='bbox 892 3275 1081 3343; x_wconf 55' lang='lat' dir='ltr'><strong>n0n1persista</strong></span> 
     </span>
     <span class='ocr_line' id='line_1_68' title="bbox 621 3347 1080 3414; baseline -0.009 -15"><span class='ocrx_word' id='word_1_329' title='bbox 621 3349 664 3399; x_wconf 90' lang='lat' dir='ltr'><strong>nel</strong></span> <span class='ocrx_word' id='word_1_330' title='bbox 683 3348 777 3414; x_wconf 88' lang='lat' dir='ltr'><strong>rifiuto,</strong></span> <span class='ocrx_word' id='word_1_331' title='bbox 797 3352 896 3400; x_wconf 85' lang='lat' dir='ltr'><strong>Demea</strong></span> <span class='ocrx_word' id='word_1_332' title='bbox 920 3350 941 3398; x_wconf 95' lang='lat' dir='ltr'><strong>si</strong></span> <span class='ocrx_word' id='word_1_333' title='bbox 965 3348 1028 3397; x_wconf 84' lang='lat' dir='ltr'><strong>offre</strong></span> <span class='ocrx_word' id='word_1_334' title='bbox 1052 3347 1080 3395; x_wconf 91' lang='lat' dir='ltr'><strong>di</strong></span> 
     </span>
     <span class='ocr_line' id='line_1_69' title="bbox 621 3420 1080 3487; baseline -0.009 -17"><span class='ocrx_word' id='word_1_335' title='bbox 621 3420 703 3485; x_wconf 86' lang='lat' dir='ltr'><strong>dargli</strong></span> <span class='ocrx_word' id='word_1_336' title='bbox 733 3422 771 3470; x_wconf 83' lang='lat' dir='ltr'><strong>lui</strong></span> <span class='ocrx_word' id='word_1_337' title='bbox 796 3422 815 3470; x_wconf 87' lang='lat' dir='ltr'><strong>il</strong></span> <span class='ocrx_word' id='word_1_338' title='bbox 840 3437 930 3487; x_wconf 88' lang='lat' dir='ltr'><strong>prezzo</strong></span> <span class='ocrx_word' id='word_1_339' title='bbox 955 3420 982 3468; x_wconf 94' lang='lat' dir='ltr'><strong>di</strong></span> <span class='ocrx_word' id='word_1_340' title='bbox 1008 3425 1080 3467; x_wconf 89' lang='lat' dir='ltr'><strong>costo</strong></span> 
     </span>
     <span class='ocr_line' id='line_1_70' title="bbox 620 3489 1080 3543; baseline -0.007 -3"><span class='ocrx_word' id='word_1_341' title='bbox 620 3492 690 3541; x_wconf 86' lang='lat' dir='ltr'><strong>della</strong></span> <span class='ocrx_word' id='word_1_342' title='bbox 708 3493 819 3543; x_wconf 85' lang='lat' dir='ltr'><strong>sehiava.</strong></span> <span class='ocrx_word' id='word_1_343' title='bbox 845 3493 883 3542; x_wconf 92' lang='lat' dir='ltr'><strong>Lo</strong></span> <span class='ocrx_word' id='word_1_344' title='bbox 903 3508 932 3541; x_wconf 87' lang='lat' dir='ltr'><strong>sa</strong></span> <span class='ocrx_word' id='word_1_345' title='bbox 951 3492 1017 3541; x_wconf 90' lang='lat' dir='ltr'><strong>bene</strong></span> <span class='ocrx_word' id='word_1_346' title='bbox 1037 3489 1080 3539; x_wconf 90' lang='lat' dir='ltr'><strong>del</strong></span> 
     </span>
     <span class='ocr_line' id='line_1_71' title="bbox 620 3556 1083 3614; baseline -0.004 -3"><span class='ocrx_word' id='word_1_347' title='bbox 620 3571 687 3612; x_wconf 86' lang='lat' dir='ltr'><strong>resto</strong></span> <span class='ocrx_word' id='word_1_348' title='bbox 701 3565 748 3614; x_wconf 91' lang='lat' dir='ltr'><strong>che</strong></span> <span class='ocrx_word' id='word_1_349' title='bbox 760 3565 873 3613; x_wconf 90' lang='lat' dir='ltr'><strong>Micione</strong></span> <span class='ocrx_word' id='word_1_350' title='bbox 890 3579 943 3613; x_wconf 88' lang='lat' dir='ltr'><strong>non</strong></span> <span class='ocrx_word' id='word_1_351' title='bbox 956 3556 1083 3611; x_wconf 77' lang='lat' dir='ltr'><strong>accetter&#39;a</strong></span> 
     </span>
     <span class='ocr_line' id='line_1_72' title="bbox 617 3634 739 3685; baseline 0.025 -4"><span class='ocrx_word' id='word_1_352' title='bbox 617 3634 634 3681; x_wconf 84' lang='lat'><strong>1‘</strong></span> <span class='ocrx_word' id='word_1_353' title='bbox 643 3635 739 3685; x_wconf 86' lang='lat' dir='ltr'><strong>offerta.</strong></span> 
     </span>
    </p>
   </div>
   <div class='ocr_carea' id='block_1_10' title="bbox 0 0 1430 4259">
    <p class='ocr_par' dir='ltr' id='par_1_15' title="bbox 0 0 1430 4259">
     <span class='ocr_line' id='line_1_73' title="bbox 0 0 1430 4259; baseline 0 2"><span class='ocrx_word' id='word_1_354' title='bbox 0 0 1430 4259; x_wconf 95' lang='lat' dir='ltr'><strong> </strong></span> 
     </span>
    </p>
   </div>
  </div>
 </body>
</html>
