2850 4259
475 326 643 371 animnos

85 454 177 514 Senex
198 453 337 515 delirans.
361 461 427 533 ipsa
449 452 474 514 si
496 452 597 533 capitit
619 454 715 527 Salus,

84 544 203 605 Semne
225 562 346 623 prorsus
367 553 430 604 non
452 554 552 623 potest
574 545 653 604 banc
675 539 827 602 familiam.

115 842 173 905 761.
193 842 277 893 Senex
295 842 418 893 delirans.
436 845 469 894 In
485 841 528 891 Ci-

82 929 169 964 cerone
196 914 218 963 si
248 921 319 965 trova
347 914 428 965 anche
452 929 530 964 senex

81 986 184 1043 dels'rus,
198 1001 213 1035 e
231 986 344 1036 delirare
362 980 377 1034 1
395 986 468 1036 unito
481 1001 529 1035 eon

81 1065 159 1106 mente
177 1073 229 1105 esse
248 1064 351 1121 captum
370 1054 434 1120 (Off.
451 1069 473 1118 1,
487 1067 528 1119 27,

80 1131 125 1188 94)
138 1144 226 1192 presso
236 1127 324 1193 quello
337 1128 463 1179 scrittore.
475 1127 529 1177 Cir.

79 1198 103 1247 la
120 1207 181 1248 nota
205 1198 230 1247 al
248 1215 271 1248 v.
292 1209 352 1263 750.
372 1225 405 1234 -
430 1200 487 1263 ipsa
506 1199 531 1247 ss’

79 1272 166 1333 capim
192 1270 287 1319 Salus:
315 1290 326 1314 ι
348 1286 375 1320 se
401 1270 482 1320 anche
502 1269 530 1318 lo

78 1341 176 1391 volesse
187 1340 214 1389 la
226 1341 274 1390 dea
292 1340 408 1392 Salvezza
426 1342 453 1390 in
472 1357 529 1406 per·

78 1427 139 1460 sona
154 1430 176 1460 ι.
188 1411 350 1462 Similmente
358 1412 442 1462 Plaut.
455 1413 528 1477 Capt.

78 1492 129 1547 529
140 1484 235 1547 Neque
253 1484 305 1532 iam
319 1484 398 1533 Salus
413 1499 528 1540 seruare,

76 1554 100 1602 si
114 1553 179 1612 uolt,
200 1570 238 1602 me
253 1562 359 1618 potest,·
377 1555 456 1604 Most.
476 1563 525 1618 351

76 1625 131 1674 Nec
159 1625 240 1674 Salus
270 1625 342 1674 nobis
369 1626 451 1675 saluti
477 1626 529 1674 iam

76 1712 134 1753 esse,
164 1696 190 1744 si
216 1697 311 1761 cupiat,
340 1704 445 1760 potest,·
474 1696 528 1745 Cic.

80 1766 154 1817 Verr.
175 1778 200 1829 3,
222 1777 265 1832 57,
287 1780 331 1831 131
361 1769 473 1831 Ecquod
490 1768 530 1817 s'u·

75 1838 196 1887 dicium...
210 1846 263 1887 tam
276 1840 453 1887 nummarium
463 1838 530 1902 fore

70 1910 181 1971 putasti,
202 1926 252 1973 quo
271 1925 302 1958 ex
320 1910 414 1958 iudicio
432 1916 455 1959 te
474 1909 529 1958 ulla

74 1980 151 2029 Salus
163 1997 271 2029 servare
280 1986 368 2045 posset
375 1984 388 2027 ι)
401 1981 431 2029 In
444 1980 529 2046 questi

73 2052 171 2117 esempi
193 2051 270 2100 Salus
294 2067 389 2117 appare
414 2050 528 2116 personi-

73 2119 146 2171 ficata
157 2121 220 2187 (dea
233 2122 334 2178 salutis,
350 2122 376 2170 lo
391 2122 528 2186 scoliasta)¹

72 2209 86 2240 a
103 2201 192 2258 punto
211 2208 284 2243 come
299 2190 397 2257 Ὑγίεια
413 2209 501 2258 presso
520 2193 530 2241 i

72 2263 165 2326 Greci3
189 2264 217 2312 in
236 2265 298 2314 Hec.
318 2263 370 2327 338
383 2279 440 2315 essa
457 2260 472 2312 ὲ
491 2266 528 2313 in·

70 2343 158 2385 vocata
180 2335 289 2384 insieme
308 2350 356 2384 eon
380 2335 527 2400 Esculapio.

71 2391 91 2455 Ε
114 2415 181 2456 nota
200 2403 258 2470 (cfr.
280 2407 433 2469 Mommsen,
454 2408 526 2456 R'o'm.

73 2477 158 2528 Gesclr.
190 2477 210 2540 1,
233 2491 254 2537 1,
284 2479 328 2540 12)
353 2477 378 2527 la
404 2478 527 2527 tendenza

68 2549 109 2599 dei
137 2549 256 2598 Romani
284 2549 334 2597 alla
365 2547 526 2615 personifiea·

68 2621 140 2671 zione
161 2638 178 2671 e
205 2619 257 2668 alla
281 2620 476 2669 divinizzazione
500 2620 527 2668 di

68 2693 182 2742 concetti
203 2692 314 2741 astratti:
335 2692 384 2741 essi
409 2687 464 2740 cioe
487 2689 527 2740 sa·

584 843 705 893 eilmente
729 840 949 909 personificavano
971 841 1039 891 delle

584 912 689 981 qualitb,
700 914 787 964 buone
796 930 813 963 ο
826 914 918 964 cattive
927 914 974 964 che
986 912 1039 963 sos·

585 1001 649 1045 sero,
662 1001 679 1034 ο
698 986 779 1036 anche
792 985 835 1036 dei
847 985 980 1036 senomeni
994 1000 1038 1034 na·

584 1055 668 1115 turali,
682 1074 696 1106 e
717 1057 802 1122 quelle
817 1055 1038 1122 personificazioni

583 1128 627 1194 poi
652 1129 795 1177 adoravano
823 1143 897 1177 come
924 1124 1038 1178 divinita.

584 1200 682 1262 Questa
701 1200 824 1250 tendenza
849 1200 870 1248 si
890 1197 992 1249 verifica
1008 1214 1038 1247 su

583 1277 654 1320 vasto
691 1285 783 1335 campo
814 1270 883 1321 nelle
914 1269 1036 1336 palliata:
1129 1322 1133 1330 ,

583 1339 636 1391 cosi
652 1342 772 1391 abbiamo
785 1358 837 1391 una
850 1341 972 1391 Fortuna
989 1359 1039 1406 gu·

583 1415 720 1463 bernatrix
738 1413 765 1462 in
785 1415 856 1462 Eun.
880 1412 965 1475 1046;
989 1428 1040 1460 una

583 1485 712 1542 Fortuna,
741 1486 809 1532 Fors
826 1485 948 1532 Fortuna
968 1478 982 1530 ὲ
1001 1483 1038 1531 in·

583 1562 672 1604 vocata
684 1556 712 1604 in
727 1556 807 1605 Phor.
828 1553 876 1616 841
892 1573 898 1616 ;
918 1554 1039 1604 abbiamo

583 1642 635 1674 una
659 1627 708 1676 dea
734 1627 796 1691 Spes
822 1624 859 1691 (p.
883 1642 917 1675 es.
942 1625 1038 1675 Pseud.

584 1707 644 1760 709,
662 1698 782 1762 Ritschl)‚
797 1712 848 1745 una
869 1697 1038 1746 Commoditas

582 1768 666 1831 (Men.
700 1780 748 1832 137
775 1784 830 1832 sg.;
862 1768 922 1819 Mil.
951 1780 1037 1830 11243

583 1837 654 1901 eoo),
669 1855 722 1888 una
737 1840 927 1904 Opportunitas
946 1838 1037 1902 (Cure.

584 1919 633 1975 305
655 1926 709 1974 sg.;
730 1911 803 1964 Men.
819 1920 866 1973 137
887 1925 944 1974 sg.;
965 1907 1037 1972 eoo).

583 1998 634 2030 una
671 1983 759 2030 Pietas
792 1979 899 2045 (Bacch.
941 1978 1037 2045 1176);

583 2053 652 2109 Lux,
680 2053 801 2109 Laetitia,
838 2052 968 2102 Gaudium
997 2067 1038 2100 oc-

583 2138 690 2172 corrono
708 2124 815 2173 insieme
828 2123 855 2171 in
875 2123 948 2188 Capt.
969 2122 1038 2184 8o4;

586 2194 656 2258 Opis,
682 2194 774 2243 Virtus
798 2195 826 2243 in
851 2193 945 2243 Bacch.
966 2193 1037 2259 893:

589 2265 723 2329 Voluptas,
748 2264 883 2322 Venustas‚
906 2266 1036 2315 Gaudium

583 2335 610 2384 in
629 2336 724 2384 Bacca.
746 2345 812 2401 1153
832 2353 846 2386 e
866 2351 930 2386 sono
948 2352 1036 2403 perso-

583 2404 706 2456 nificatie
725 2407 837 2457 deificati
853 2408 957 2472 persino
975 2423 1036 2457 con·

581 2476 642 2526 cetti
660 2493 733 2529 come
758 2477 859 2544 questi:
885 2479 1034 2534 Festiuitas,

581 2548 671 2611 Lepos,
713 2550 849 2607 Lubentia,
886 2550 1031 2607 Munditia,

581 2621 703 2684 Ignauia.
733 2620 786 2670 Csr.
813 2620 920 2680 Lorenz,
940 2621 1033 2670 Pseud.

583 2690 651 2740 Einl.
670 2708 695 2756 p.
719 2704 761 2756 aa,
781 2707 806 2741 n.
827 2703 870 2741 20.
