2850 4259
502 290 670 332 ADELPHOE

1006 287 1066 344 117

123 413 270 493 Rogitabit
288 415 346 488 ωδ,
364 414 417 475 ubi
432 414 555 475 trierim:
589 435 645 493 ego
660 414 752 475 hodie
766 423 829 472 toto
846 432 907 471 non
923 410 986 471 uidl
1001 411 1065 472 die:

123 503 198 580 Quid
220 505 342 565 dicam?
386 506 445 564 SY.
478 503 568 564 Nilne
596 504 629 564 in
651 503 834 564 mentemst?
878 502 941 562 CT.
975 504 1068 559 Num-

379 612 468 669 quam
492 601 663 670 quthuam.
709 594 769 652 SY.
796 594 896 650 Tanto
919 590 1060 665 nequior:

121 681 225 741 Cluens
243 679 356 742 amicus
378 683 487 759 hospes
505 693 624 742 nemost
645 680 751 742 uobis?
788 681 851 741 CT.
876 681 969 738 Sunt:
994 678 1068 756 qnid

378 773 507 848 postea?

118 859 173 918 SY.
195 858 287 920 Hisce
303 868 395 937 opera
416 870 450 919 nt
472 861 541 919 data
564 860 610 920 sit.
657 861 721 920 CT.
745 859 829 933 Quae
845 876 907 916 non
923 858 992 915 data
1011 856 1067 915 sit?

378 957 439 1008 non
464 960 562 1026 potest
584 950 657 1010 fiert.
697 950 756 1009 SY.
779 949 889 1005 Potest.

48 1205 51 1214 ’
147 1221 203 1275 527.
222 1230 268 1271 me,
289 1216 346 1263 ubi:
365 1232 411 1281 per
429 1218 455 1267 lo
474 1218 526 1267 iato
545 1235 558 1266 e

110 1281 127 1329 l'
140 1283 345 1334 abbreviamento
375 1288 401 1336 di
436 1305 481 1347 me,
513 1290 557 1339 cfr.

111 1369 134 1400 r.
150 1365 191 1418 97.
212 1381 245 1391 -
265 1372 319 1403 non
340 1359 404 1418 uidi,
429 1360 472 1408 sel.
493 1377 557 1415 curn,

108 1432 214 1486 patrem.
226 1452 260 1462 —
270 1426 342 1477 hodie
352 1437 428 1478 toto...
440 1432 486 1489 die,
498 1431 559 1495 oggi

111 1498 138 1543 in
162 1503 227 1545 tutta
258 1508 353 1561 quanta
383 1500 408 1548 la
434 1501 557 1564 giornata.

114 1567 271 1631 Espressioni
301 1571 427 1634 analoghe
458 1573 507 1621 cita
535 1573 561 1620 lo

111 1636 219 1701 Spengel
238 1638 266 1686 di
288 1641 397 1691 Plauto:
416 1642 489 1692 Men.
510 1644 560 1707 596

110 1710 144 1756 mi
160 1709 228 1756 hunc
247 1710 319 1759 hodie
338 1715 457 1776 corrupit
475 1716 538 1762 diem
549 1732 560 1771 ,·

110 1780 183 1843 Epid.
203 1790 250 1844 157
265 1797 302 1844 sg.
322 1784 391 1831 hamc
410 1784 483 1833 hodie
496 1787 559 1833 diem

112 1849 249 1899 Luculente
277 1853 433 1910 habeamus
463 1872 477 1904 e
507 1855 559 1904 cosi

108 1936 198 1968 ancora
217 1922 258 1970 hic
276 1924 340 1972 milri
356 1926 409 1973 dics
422 1927 499 1975 datus
517 1928 559 1974 lto-

110 1992 173 2039 diest
183 1995 215 2040 ab
228 1994 284 2049 din·
296 1995 337 2042 lic
348 1997 412 2043 mihi
423 1998 475 2044 dics
488 1999 560 2045 hodie

108 2062 204 2119 illuxit,
223 2079 237 2112 e
257 2066 298 2112 sin
323 2067 404 2115 anche
423 2067 495 2116 hodie
513 2069 560 2115 hac

109 2141 183 2181 nocte.
206 2134 259 2183 Cfr.
278 2137 347 2200 App.
366 2137 421 2185 crit.

141 2204 202 2267 528.
216 2208 244 2253 in
258 2214 405 2255 mentemst:
425 2224 501 2257 meno
517 2225 558 2257 co·

108 2290 183 2325 mune
204 2277 363 2340 espressione
381 2279 408 2326 di
427 2280 455 2325 in
477 2288 559 2328 ruente

107 2354 148 2404 cst,
167 2362 182 2396 e
204 2347 271 2396 forse
289 2348 384 2397 dovuta
397 2350 559 2414 all'analogia

105 2431 150 2464 con
165 2418 251 2478 Raltra
269 2421 429 2483 espressione
447 2423 476 2468 in
490 2415 558 2468 men·v

105 2494 150 2535 tem
169 2491 252 2537 uenit.
277 2490 367 2538 Anche
387 2491 413 2538 in
435 2490 558 2541 Cicerone

106 2555 174 2622 (imp.
193 2559 241 2607 Cn.
255 2561 345 2623 Pomp.
363 2574 401 2621 12,
421 2559 466 2625 33)
485 2562 506 2610 si
525 2564 557 2611 ha

103 2630 129 2674 in
150 2632 318 2694 praedonum
334 2632 424 2694 fuisse
445 2641 568 2696 potesta,

103 2705 164 2756 tcm,·
181 2700 241 2749 anzi
261 2701 346 2755 Gellio
360 2705 395 2764 (r,
411 2715 433 2765 7,
454 2713 492 2765 ιγ)
514 2719 557 2767 ap·

103 2771 200 2834 giunge
227 2772 274 2821 che
299 2781 390 2836 questo
415 2791 467 2822 non
495 2776 557 2824 deve

102 2855 182 2892 essere
206 2842 352 2904 riguardato
371 2846 447 2909 quale
461 2862 496 2894 nn
515 2862 556 2893 co·

102 2918 192 2962 strutto
223 2912 327 2962 insolito
355 2917 387 2964 ed
411 2916 556 2978 irregolnre,

103 2996 174 3033 come
201 2984 223 3034 si
249 2986 373 3049 potrebbe
395 2988 497 3037 credere
520 2988 555 3035 fa·

105 3053 232 3113 eilmente‚
261 3072 303 3103 ma
331 3058 429 3106 ratione
459 3059 556 3107 dictum

102 3133 168 3174 certa
187 3134 214 3175 et
236 3127 323 3191 proba,
343 3145 395 3192 qua
414 3136 440 3177 et
464 3129 556 3179 Graeci

104 3194 137 3243 ita
156 3204 289 3246 uterentur
302 3204 328 3246 et
346 3199 453 3248 Plautus
466 3201 554 3249 verbo·

103 3281 157 3314 rum
183 3268 323 3316 latinorum
350 3270 556 3332 elegantissimus

103 3335 129 3384 in
141 3339 333 3404 Amphitruone
351 3340 428 3390 dixit:
448 3358 555 3390 numero

103 3410 138 3456 mi
148 3411 178 3456 in
192 3410 374 3473 mentemsuit.
389 3411 441 3460 Csr.
458 3412 483 3460 in
500 3412 555 3461 satti

103 3477 184 3528 Plane
216 3481 312 3543 Amph.
342 3497 365 3530 v.
397 3481 453 3540 180,
487 3493 554 3544 7103

101 3547 194 3601 Bacch.
218 3562 285 3620 130,Ι
297 3551 360 3614 16η
380 3569 431 3604 ecc.
452 3554 555 3616 Quanto

100 3619 134 3666 ad
145 3621 256 3672 autoritb
267 3623 295 3671 di
313 3640 381 3684 mss.¹
395 3641 450 3684 espa
463 3626 491 3673 in
503 3625 554 3675 Te·

1004 963 1067 1023 530

614 1216 699 1265 renzio
718 1212 733 1263 ὲ
751 1214 985 1273 eontrobilanciata,
1010 1231 1067 1278 per·

613 1283 667 1345 che,
687 1293 785 1335 mentre
804 1285 849 1350 qui
862 1287 885 1333 A
897 1286 930 1334 ha
948 1286 977 1333 in
996 1301 1066 1333 naen·

614 1366 661 1406 tem
690 1373 704 1406 e
732 1357 769 1421 gli
797 1357 855 1405 altri
879 1356 968 1419 codici,
995 1363 1032 1405 tra
1056 1357 1066 1405 i

614 1429 684 1494 quali
704 1429 739 1486 M,
759 1430 787 1476 in
806 1435 894 1482 niente,
919 1427 962 1475 nel
986 1426 1067 1489 luogo

613 1499 737 1564 parallelo
749 1500 845 1547 Heaut.
855 1497 907 1559 986
917 1500 941 1546 A
954 1513 1003 1546 con
1015 1498 1067 1547 DG

616 1572 728 1633 leggono
753 1572 781 1618 in
801 1578 882 1618 ntentc
908 1586 922 1618 e
947 1569 984 1632 gli
1008 1568 1066 1616 altri

615 1643 760 1706 (compreso
779 1639 819 1702 M)
843 1642 872 1687 in
896 1648 1011 1689 mentem.
1032 1665 1065 1674 -

615 1729 771 1776 numquam:
785 1711 820 1759 tal
829 1710 897 1759 volta
909 1707 923 1758 ὲ
935 1719 1007 1758 usato
1020 1726 1067 1774 per

616 1783 636 1830 il
648 1783 770 1847 semplice
784 1799 836 1828 non
855 1782 1067 1840 enfatieamente;

615 1853 659 1903 cfr.
673 1864 732 1918 55ι,
749 1864 814 1916 57ος
828 1854 914 1900 Andr.
926 1852 984 1915 589,
999 1853 1065 1910 6103

615 1926 711 1973 Heaut.
742 1934 810 1987 559;
839 1938 892 1972 ecc.
919 1950 952 1959 -
979 1924 1069 1971 Tanto

614 1998 732 2059 nequior,
751 1996 795 2043 sel.
815 2012 848 2042 es.
873 1994 898 2043 Il
919 1994 998 2043 Gradi
1017 2002 1067 2042 tra·

614 2066 679 2115 duce
692 2085 703 2128 ς
716 2068 800 2114 Tanto
814 2061 859 2131 plia
871 2064 1021 2114 moccolone
1037 2079 1065 2121 »t

614 2153 655 2185 ma
690 2137 757 2186 forse
788 2133 802 2185 ὲ
833 2137 928 2199 meglio
960 2136 1066 2185 rendere

616 2226 628 2250 e
654 2208 740 2257 Tanto
767 2207 861 2272 peggio
888 2227 911 2265 »,
937 2207 1066 2255 riferendo

613 2279 784 2342 logicamente
811 2280 836 2327 la
855 2275 952 2342 qualit&
976 2293 1029 2326 non
1050 2294 1065 2325 a

613 2349 752 2407 Ctesifone,
780 2366 821 2398 rna
839 2349 889 2398 alle
912 2350 1065 2398 circostanze

612 2421 639 2468 in
658 2422 699 2469 cui
712 2421 764 2484 egli
781 2423 801 2470 si
822 2429 929 2469 trovnva.
950 2418 1003 2468 cfr.
1020 2435 1065 2483 per

612 2492 717 2540 l'ellissi
737 2493 804 2540 della
822 2491 914 2555 copula
933 2507 946 2541 e
965 2507 1011 2556 per
1030 2490 1064 2538 si·

612 2563 668 2610 mili
690 2563 842 2627 espressioni
867 2561 953 2611 Plaut.
969 2562 1063 2609 Bacch.

613 2646 682 2690 211;
714 2635 786 2683 Men.
814 2647 885 2696 434;
910 2635 983 2681 Pers,
1012 2642 1064 2696 325

612 2703 735 2766 (Bothe);
768 2706 845 2754 Stich.
879 2715 949 2766 7493
981 2704 1006 2751 T
1006 2721 1063 2752 ruc.

611 2785 680 2838 953;
700 2776 760 2824 Ter.
779 2777 876 2824 Heaut.
896 2786 955 2838 549.
1090 2793 1091 2796 ’

648 2858 707 2910 529.
728 2849 794 2909 quid
804 2849 917 2909 posteatl
939 2845 1064 2895 Ebbene?

611 2916 663 2966 Cfr.
684 2916 743 2978 649,
763 2931 830 2978 929;
843 2918 915 2965 Eun.
929 2928 996 2979 3703
1010 2932 1062 2965 ecc.

648 2997 708 3051 530.
739 2990 825 3044 Hisce,
858 3004 872 3036 e
900 2987 954 3036 cosi
981 2989 1064 3047 hasce,

609 3060 688 3115 hosce,
710 3059 822 3117 huiusce,
842 3073 901 3116 ecc„
924 3073 1064 3107 occorrono

610 3129 666 3177 solo
685 3129 787 3177 innanzi
806 3147 821 3178 a
845 3130 932 3194 parole
953 3130 1000 3178 che
1019 3144 1062 3177 co·

610 3200 740 3248 minciano
759 3218 804 3265 per
823 3201 923 3258 vocale;
942 3201 986 3248 cfr.
1001 3201 1062 3264 633,

610 3284 670 3334 903.
683 3270 736 3322 cfr.
750 3288 842 3320 ancora
859 3273 959 3329 Miillen
974 3272 1064 3319 Nach-

609 3348 682 3406 triz'ge
692 3359 713 3389 z.
728 3343 817 3392 Plaut.
828 3344 911 3398 Pron,
925 3358 983 3406 pag.
997 3354 1061 3403 13o;

608 3412 732 3471 Schmidt,
746 3414 855 3461 Hermes
877 3412 950 3475 1874,
967 3430 992 3477 p.
1007 3412 1062 3474 478

608 3499 645 3546 sg.
660 3510 692 3518 —
713 3492 806 3546 opera:
824 3484 851 3532 in
867 3492 958 3549 questo
976 3499 1061 3543 senso,

609 3550 664 3603 cioe
677 3554 875 3604 dell'assistenza
885 3555 931 3603 che
941 3554 962 3603 si
976 3562 1062 3619 presta

609 3625 661 3689 agli
672 3626 756 3690 ‘amici
775 3626 843 3676 nelle
862 3642 937 3676 cause
956 3626 1063 3686 sorensi„
