2850 4259
474 217 710 262 INTRODUZIONE
995 220 1070 264 cxlx

45 362 46 367 ¹
121 358 161 392 sua
177 343 268 394 souola.
287 343 311 392 Α
330 349 421 409 questa
439 342 526 393 scuola
544 342 572 393 in
590 343 647 403 fatti
666 351 860 411 appartengono
878 346 959 396 anche
972 346 1010 410 gli
1029 364 1068 396 nr·

45 412 47 423 ’
122 432 226 497 gomonti
237 433 354 482 acrostici
366 430 526 498 pervenutici
539 449 585 499 per
596 433 621 484 le
634 435 778 485 commedie
790 435 817 484 di
830 435 929 486 Plauto.
941 435 984 485 Gli
998 437 1069 485 scrit-

122 521 164 570 tori
180 521 206 570 di
223 522 366 587 argomenti
385 537 491 572 cercano
510 521 536 570 di
554 522 655 573 imitare
675 523 744 574 nelle
769 523 824 573 loro
850 522 1021 590 particolarith
1045 525 1070 573 la

122 609 208 674 lingua,
226 610 252 659 la
269 611 389 676 prosodia
407 627 421 660 e
440 609 466 659 la
485 611 590 660 metrica
608 610 650 660 dei
668 612 724 659 loro
744 613 840 672 autori;
860 629 909 671 ma,
935 629 962 662 se
982 628 1070 678 spesso

123 698 144 748 vi
158 699 274 759 riesoono,
287 715 376 764 spesso
388 699 477 759 anche,
496 699 523 748 lo
541 713 692 764 proveremo
710 701 754 751 nel
774 708 861 750 nostro
880 708 1034 761 commento,
1049 703 1070 751 si

123 787 267 838 dimostrano
285 787 460 847 insufficienti,
481 804 495 839 e
514 804 560 854 per
578 788 644 838 l’uso
663 789 689 837 di
705 790 859 839 costruzioni
876 806 928 839 non
950 790 1070 854 genuine,
1163 782 1165 785 ’

123 893 194 944 eper
210 879 354 944 particolari
375 878 512 944 prosodici,
533 895 548 929 e
570 885 691 929 strutture
717 878 744 928 di
762 895 835 929 verso
857 880 935 930 alieni
958 879 999 928 dal
1019 895 1071 928 mo·

124 967 196 1027 dello;
214 967 317 1034 quando
330 984 393 1035 pure
406 968 443 1033 gli
461 967 563 1032 angusti
582 946 659 1017 lim‘iti
679 968 722 1018 del
735 969 872 1018 sommario
891 984 944 1017 non
963 968 1070 1017 costrin-

128 1070 188 1120 gono
204 1057 229 1106 la
246 1058 330 1107 forma
347 1058 375 1106 in
394 1058 429 1107 tal
447 1057 525 1106 modo
543 1057 575 1106 da
594 1057 710 1108 renderla
729 1059 869 1125 impropria
887 1059 919 1108 ed
938 1072 1036 1107 oscum.

168 1236 321 1287 Priscum.
340 1236 381 1286 Ad
400 1238 482 1287 Am
505 1251 526 1296 1,
549 1251 559 1286 1
587 1235 645 1301 (26)
668 1236 772 1285 Donato
797 1237 831 1285 ha
856 1243 947 1301 questo
973 1234 1071 1285 scolio:

127 1325 260 1375 «Nomina
277 1340 452 1391 personarum,
471 1326 498 1374 in
523 1325 665 1376 comoediis
690 1325 830 1383 dumtaxat,
857 1324 951 1375 habere
978 1324 1073 1373 debent

122 1414 234 1464 rationem
253 1420 279 1464 et
297 1414 488 1479 etymologiam.
507 1415 612 1466 Etenim
631 1415 770 1488 absordum
796 1423 834 1464 est
859 1414 986 1463 comicum
1001 1449 1027 1463 ..
1043 1448 1073 1463 ..

123 1502 158 1552 vel
172 1518 265 1553 nomen
284 1518 408 1568 personae
427 1503 598 1572 incongruum
617 1503 744 1554 dorecvel
765 1501 888 1561 officium,
908 1501 979 1567 quod
1006 1501 1039 1550 sit
1058 1510 1073 1550 a‘

128 1590 222 1642 nomine
233 1591 373 1653 diversum
392 1592 453 1641 hinc
465 1607 552 1642 servus
567 1590 651 1643 tidelis
664 1592 799 1648 Parmeno,
814 1590 925 1641 infidelis
938 1589 979 1640 vel
995 1590 1072 1654 Syrus

121 1680 156 1730 vel
171 1679 243 1742 Geta,
262 1680 338 1730 miles
353 1681 453 1730 Thraso
471 1681 512 1731 vel
529 1681 651 1741 Polemo„
663 1681 763 1731 iuvenis
775 1680 932 1746 Pamphilus,
955 1685 1071 1729 matrona

121 1768 223 1833 Myrrina
241 1777 268 1819 et
285 1784 350 1835 puer
368 1769 408 1820 vel
428 1772 460 1820 ab
475 1770 553 1821 odore
572 1770 661 1821 Storax
679 1770 721 1820 vel
739 1786 754 1818 a
772 1770 834 1818 ludo
857 1776 882 1820 et
900 1785 915 1817 a
934 1768 1071 1834 gesticulo-

119 1858 183 1909 tiooe
200 1858 314 1920 Scirtus3
334 1865 360 1908 et
378 1860 441 1909 item
460 1858 562 1919 similia,
581 1859 609 1909 in
623 1859 718 1926 quibus
734 1874 866 1908 summum
879 1866 970 1924 poetae
982 1857 1073 1906 vitium
1137 1860 1140 1864 ’

119 1954 159 2011 est,
176 1948 197 1998 si
215 1947 279 2014 quid
297 1948 457 1999 econtrario
475 1964 621 2015 repugnans
639 1948 794 1998 contrarium
814 1947 996 2011 diversumque
1012 1961 1074 2010 pro·-

119 2037 205 2102 tulerit,
224 2038 274 2087 nisi
293 2053 339 2103 per
357 2033 512 2102 ἅντίφρασιν
529 2031 676 2088 ioculariter
694 2053 790 2087 nornen
810 2036 927 2101 imponit,
942 2043 970 2084 ut
982 2035 1074 2084 Misar·

119 2125 213 2188 gyrides
230 2126 258 2175 in
277 2126 369 2176 Plauto
381 2126 474 2176 dicitur
492 2127 651 2192 trapezita».
670 2127 702 2177 In
716 2126 806 2175 ordine
819 2124 946 2190 generale,
960 2124 988 2173 in
1007 2123 1072 2182 fatti,

118 2213 141 2262 si
156 2211 204 2280 puh
221 2214 277 2266 dire
295 2215 343 2266 che
361 2214 387 2264 la
405 2229 463 2264 cosa
481 2216 545 2264 vada
562 2213 624 2276 cosi,
643 2211 745 2280 perche,
765 2215 792 2262 di
811 2213 917 2273 solit0,i
937 2213 1008 2262 nomi
1027 2212 1069 2262 dei

119 2304 265 2370 personaggi
283 2304 370 2354 hanno
389 2321 440 2354 una
458 2305 584 2356 relazione
604 2303 649 2371 pit
668 2321 684 2353 o
702 2320 780 2354 meno
791 2304 883 2353 intima
896 2318 945 2352 con
958 2302 977 2352 il
990 2311 1072 2353 corat·

120 2398 169 2444 tere
185 2409 201 2444 o
218 2408 267 2444 con
287 2393 303 2442 l'
314 2392 403 2444 officio
421 2394 468 2444 che
486 2393 495 2443 i
514 2393 608 2458 singoli
627 2392 782 2459 personaggi
801 2393 888 2441 hanno
914 2391 983 2442 nella
1002 2408 1071 2442 com-

123 2482 208 2532 medio.
226 2483 272 2532 Ma
290 2490 381 2548 questo
399 2499 452 2533 non
470 2499 571 2549 sempre
590 2484 709 2543 avviene3
730 2483 758 2532 in
777 2481 863 2531 alcuni
876 2482 928 2531 casi
941 2481 997 2530 anzi
1010 2481 1074 2531 l'eti-

119 2569 226 2636 mologla
243 2571 397 2637 porterebbe
415 2587 430 2621 a
448 2587 500 2621 una
517 2572 616 2622 diversa
635 2587 651 2620 o
669 2587 684 2620 a
699 2571 816 2620 dirittura
832 2570 958 2621 contraria
970 2569 1073 2618 conclu·

119 2658 193 2720 sione,
218 2676 246 2710 se
271 2674 325 2709 non
351 2660 492 2726 sapessimo
518 2661 565 2711 che
593 2676 681 2726 spesso
710 2660 772 2710 certi
801 2659 871 2709 nomi
900 2674 976 2709 erano
1001 2674 1074 2708 come

121 2748 256 2800 consecrati
275 2748 343 2799 dallo
361 2749 507 2814 trodizione,
524 2749 552 2799 in
571 2749 648 2799 modo
661 2749 708 2799 che
722 2749 847 2799 venivano
860 2747 926 2798 usati
940 2762 1015 2797 senza
1027 2747 1076 2796 che

120 2830 163 2899 piir
179 2836 200 2887 si
217 2836 325 2887 badesse
348 2837 374 2887 ol
395 2838 451 2888 loro
475 2835 626 2903 significato.
655 2835 716 2887 Cosi
740 2851 791 2885 non
816 2834 830 2884 ὲ
857 2836 924 2885 forse
951 2834 1074 2900 possibile
1109 2900 1111 2903 ι

120 2927 212 2976 tmvorc
232 2941 282 2975 con
307 2926 416 2993 qualche
440 2924 596 2992 probabilith
619 2942 672 2976 uno
697 2926 824 2977 relacione
850 2931 887 2975 tra
914 2924 923 2973 i
950 2923 1022 2973 nomi
1048 2922 1075 2971 di

121 3010 283 3066 Micione
299 3010 435 3081 (Μικίων)
454 3030 468 3065 e
485 3014 512 3063 di
530 3015 666 3065 Demea
684 3011 815 3080 (Δημέας)
834 3031 848 3064 e
868 3013 889 3062 il
906 3018 1029 3062 carattere
1047 3010 1075 3059 di

121 3102 201 3164 questi
219 3103 269 3154 due
286 3103 375 3154 vecchi
393 3102 462 3153 nella
479 3110 566 3153 nostra
584 3103 744 3153 commedio:
764 3109 834 3153 certo
853 3098 868 3150 ὲ
893 3102 940 3151 che
965 3099 1072 3158 Demea,

123 3200 196 3241 nome
212 3191 239 3240 di
258 3191 371 3251 vecchio,
390 3191 484 3241 ricorre
501 3207 594 3242 ancora
613 3192 641 3241 in
660 3192 719 3243 altri
743 3192 814 3258 poeti
839 3189 1000 3239 drammatici
1025 3187 1075 3254 (ι).

127 3333 328 3350 ᾖ

170 3420 198 3473 (ι)
210 3422 253 3464 Per
267 3422 296 3466 G.
312 3423 387 3467 Vellet
399 3422 525 3476 (Quomodo
539 3424 694 3467 Menandrum
715 3424 791 3475 quoad
807 3423 910 3475 praecip.
921 3427 1076 3476 personarum

122 3499 192 3530 mom
206 3491 256 3533 Ter.
269 3497 359 3542 transt,
374 3505 395 3544 p.
406 3492 469 3541 ool«
484 3490 555 3533 Micio
568 3505 649 3534 nomen
667 3503 731 3533 strum
752 3505 766 3532 a
788 3490 858 3531 verbo
879 3490 957 3532 dorico
976 3481 1076 3548 μικκός

121 3567 160 3605 Pro
171 3551 265 3619 μικρός
278 3561 327 3606 sine
342 3562 411 3606 dubio
425 3576 466 3616 per
479 3550 634 3621 ἄντίφρασιν
647 3561 722 3612 trahit,
738 3562 798 3612 quod
807 3560 877 3602 filium
886 3559 1018 3612 adoptivum
1031 3572 1078 3602 non
