2850 4259
496 291 664 336 rnnrrnon
1018 290 1057 349 73

44 441 68 511 ς’
115 422 169 483 CT.
200 417 334 482 Peoeaui.
368 420 448 480 'AE
482 416 565 494 Quid
592 426 635 479 a'it
657 417 781 478 tandem
808 415 897 478 nobis
923 414 1060 478 Sannio?

44 553 46 562 »
546 510 606 570 SY.
640 510 703 568 Iam
726 506 807 567 mstis
830 517 886 568 est.

44 631 45 634 ¹
113 602 167 661 AE.
200 601 264 679 Ego
287 599 327 659 ad
349 581 447 660 scium
470 596 530 672 ibo,
556 606 589 658 ut
610 597 691 658 h1'1nc
714 583 890 657 absolnam:
925 606 959 656 tu
982 601 1063 655 intro

44 729 45 736 .
285 725 291 734 ι
544 686 584 747 ad
606 685 697 762 iilam,
705 683 873 764 Ctesipho.

112 780 162 840 SA.
195 780 276 857 Syre,
293 784 380 859 inpia.
414 779 474 838 SY.
506 778 633 845 Eamus.
665 782 796 852 namque
811 774 860 836 hic
874 780 1060 852 properatin

62 854 66 865 ⁸
544 867 687 944 Cyprum.
710 866 770 927 SA.
786 865 833 925 Ne
845 871 907 924 ram
918 861 1058 941 quidem!

44 955 45 958 ’
111 955 245 1031 Quamuis
275 955 365 1018 etiam
382 973 506 1015 ‘maneo
531 953 645 1033 otiosus
674 956 734 1019 hic.
780 956 841 1018 SY.
878 953 1058 1028 Reddetur3

544 1047 584 1104 n'e
608 1040 691 1105 time.

109 1304 130 1355 3,
142 1306 161 1354 4
173 1293 238 1341 Dcas
256 1307 414 1355 quaesumus
432 1306 483 1341 ecc.
503 1291 554 1342 Nei

109 1362 201 1412 Comici
213 1363 239 1412 lo
252 1363 377 1413 troviamo
387 1369 459 1412 usato
473 1372 502 1412 1⁰
513 1379 553 1412 as-

108 1435 271 1485 solutamente
284 1432 321 1499 (p.
335 1452 357 1484 e.
372 1431 447 1498 190),
462 1447 493 1484 20
504 1450 553 1484 con

108 1506 122 1555 l’
129 1507 268 1556 accusativo
278 1506 320 1555 del
333 1513 424 1555 neutro
437 1505 479 1555 del
492 1522 550 1571 pro·

106 1593 178 1627 nome
189 1577 224 1643 (p.
238 1594 260 1627 e.
275 1574 353 1642 247);
375 1588 406 1640 3⁰
421 1593 470 1626 con
486 1577 551 1627 l'ac·

106 1650 212 1699 cusativo
235 1649 261 1697 di
283 1665 392 1713 persona
409 1645 486 1714 (oltre
504 1650 551 1699 che

107 1722 153 1785 qni,
172 1738 196 1785 p.
215 1736 237 1769 e.
257 1719 316 1782 298,
335 1717 418 1785 49r);
440 1731 473 1781 40
494 1736 550 1785 reg-

106 1799 176 1855 gente
195 1805 230 1840 un
249 1792 327 1841 verbo
345 1807 395 1840 con
420 1798 452 1840 ut
474 1789 550 1856 (oltre

106 1863 148 1912 che
164 1864 215 1929 qui,
241 1880 266 1928 p.
287 1879 309 1913 e.
332 1864 360 1911 in
379 1861 439 1925 298,
458 1876 508 1925 49¹
530 1879 548 1911 s.

105 1934 162 1998 cir).
180 1933 260 1984 Corne
273 1950 319 1983 asa
332 1931 347 1982 ὲ
359 1934 442 1983 forma
454 1934 551 1983 arcaica

105 2005 193 2064 diara,
214 2004 267 2055 cosi
286 2021 379 2069 quaeso
392 2005 418 2053 di
438 2021 551 2069 quaem

105 2077 145 2125 cir.
174 2077 258 2137 Festo,
294 2093 313 2126 s.
346 2093 369 2126 v.
405 2101 433 2110 -
465 2077 551 2133 istaec,

49 2179 53 2186 -
105 2148 215 2212 giamb03
241 2147 286 2197 cfr.
306 2164 329 2196 v.
349 2158 391 2210 72,
417 2164 430 2197 e
455 2164 501 2213 per
525 2148 551 2197 la

103 2219 179 2269 forma
196 2220 216 2269 il
233 2235 306 2269 verso
325 2219 486 2283 precedente.

135 2291 193 2353 276.
206 2291 319 2340 Peccaui
327 2305 335 2336 .·
353 2289 387 2339 ho
406 2290 470 2339 fatto
483 2290 550 2340 male

102 2359 163 2426 (cine
182 2379 197 2411 a
214 2362 308 2412 tenerti
333 2362 352 2409 il
374 2359 496 2425 segreto).
517 2388 549 2398 -

104 2434 169 2494 Quid
188 2435 228 2482 ait
254 2450 279 2498 q.
299 2449 346 2481 ss.:
369 2430 396 2497 (a
421 2432 496 2496 Siro).
516 2460 549 2468 —

102 2506 176 2565 nobis,
201 2504 287 2553 dativo
315 2504 388 2553 etico.
419 2504 547 2553 Traduci:

102 2594 114 2618 a
133 2575 151 2624 il
177 2583 264 2626 nostro
289 2594 310 2622 »-
340 2602 370 2610 -
397 2578 456 2625 Iam
480 2576 549 2624 mitis

101 2654 141 2706 cst,
159 2647 175 2695 l'
187 2648 221 2695 ho
241 2645 382 2712 pacificato,

133 2729 191 2780 277.
203 2719 280 2776 hunc,
292 2717 457 2768 Sannionem.
466 2742 497 2752 -
505 2720 549 2765 ab·

100 2789 212 2839 saluam:
234 2808 246 2832 a
267 2805 282 2837 a
301 2789 414 2853 sbrigare
435 2788 455 2837 il
473 2795 550 2837 conto

99 2858 122 2906 di
140 2861 224 2910 costui
244 2878 266 2922 ι,
287 2875 336 2908 con
356 2860 375 2909 il
393 2868 549 2926 paganento

99 2929 161 2980 delle
181 2945 216 2981 2ο
229 2931 306 2981 mine.
326 2928 422 2982 Perche
441 2945 519 2981 erano
535 2947 550 2979 a

98 3011 175 3064 punto
193 3003 238 3053 nel
257 3002 314 3051 foro
338 3003 374 3066 gli
393 3003 546 3068 argentarii,

98 3071 253 3124 ibanchieri.
266 3074 363 3124 «Tunc
373 3074 442 3125 enim
452 3075 480 3123 in
492 3072 547 3121 foro

98 3146 169 3195 etde
194 3160 300 3194 mensae
319 3146 443 3211 scriptura
465 3144 547 3207 magis

98 3231 171 3280 quarn
199 3232 230 3266 ex
263 3232 320 3265 arca
349 3218 479 3281 domoque
506 3215 547 3264 vel

97 3287 156 3336 cista
182 3287 294 3354 pecunia
322 3288 502 3338 numerabatur
523 3306 545 3335 ι.

97 3355 226 3423 (Donato).
233 3359 280 3407 sed
286 3360 374 3409 transi
382 3359 452 3408 sodes
462 3358 500 3405 ad
497 3357 545 3421 fo·

96 3445 152 3477 rum
162 3439 241 3494 atque
251 3429 322 3479 illud
328 3431 392 3479 milei
400 3426 546 3494 Argen'tum

95 3515 201 3550 rursum
221 3502 278 3550 iube
296 3502 410 3559 rescribi,
424 3500 546 3549 Phormio

95 3569 183 3632 (Phor.
197 3585 249 3636 921
262 3570 321 3638 sg.).
333 3596 365 3608 -·
380 3572 460 3631 intro,
473 3570 518 3621 scl.
528 3571 547 3630 i,

96 3640 241 3695 facilmente
259 3644 394 3695 sottinteso
418 3658 464 3708 per
481 3642 546 3691 l'ibo

608 1291 768 1357 precedente.
784 1291 845 1339 Non
853 1289 887 1337 ha
896 1288 1001 1354 ragione
1013 1304 1060 1354 per

607 1360 648 1412 eid
666 1362 692 1411 lo
716 1361 847 1420 Dziatzko,
874 1377 888 1411 e
912 1376 961 1410 con
985 1359 1021 1409 lui
1040 1358 1059 1408 il

607 1434 759 1484 Fleckeisen
767 1447 786 1493 2,
824 1433 850 1481 di
867 1432 985 1488 ¹inserite
1017 1430 1060 1481 nel

606 1522 678 1556 verso
697 1506 709 1553 i
726 1505 828 1554 innanzi
847 1503 880 1553 ad
898 1505 976 1554 intro.

641 1576 700 1640 278.
721 1578 799 1636 insta,
818 1572 911 1641 perche
928 1574 1058 1624 Sannione
1153 1572 1156 1577 ’

605 1654 703 1699 temeva
728 1663 781 1697 non
808 1646 844 1711 gli
873 1646 942 1696 fosse
966 1653 1059 1713 pagata

604 1720 621 1768 Γ
633 1720 726 1770 intiera
744 1735 850 1778 somma,
876 1718 923 1768 che
944 1734 996 1766 non
1016 1734 1059 1768 era

604 1792 648 1856 poi
663 1792 709 1841 che
723 1790 742 1838 il
761 1806 850 1855 prezzo
864 1789 890 1837 di
909 1797 993 1848 cost03
1012 1788 1057 1839 cfr.

606 1862 657 1925 248
670 1878 707 1927 sg.
722 1888 756 1895 -
769 1864 1016 1931 Eamusswnamque
1032 1877 1057 1926 q.

604 1949 652 1993 ss.;
671 1932 716 1998 (ad
734 1929 865 1997 Eschino).
885 1932 959 1980 Eun
973 1946 1058 1981 nuovo

604 2004 732 2070 disperato
742 2004 865 2053 tentativo
876 2003 945 2053 dello
955 2003 1058 2052 schiavo
1124 2053 1128 2064 ,

604 2076 729 2134 birbone3
749 2091 792 2124 ma
810 2075 829 2123 il
847 2073 964 2132 rusfiano,
984 2089 1058 2130 corne

604 2147 629 2197 a]
653 2165 675 2199 v.
700 2158 760 2210 227,
784 2146 904 2211 previene
928 2145 947 2193 il
972 2146 1057 2211 colpo.

584 2209 588 2218 ’
606 2245 637 2255 -
649 2219 757 2268 Natam
770 2218 888 2282 quidem:
900 2216 945 2267 cfr.
959 2234 982 2268 v.
999 2217 1057 2280 163,

604 2290 725 2355 el'App.
743 2290 797 2339 crit.
873 2324 875 2327 -

641 2372 701 2423 279.
717 2362 842 2421 Quamuis
862 2377 887 2425 q.
900 2378 920 2411 s.
939 2360 1057 2409 Traduce

603 2433 670 2485 bene
688 2431 707 2481 il
721 2432 813 2485 Gradi:
831 2451 843 2474 ι
859 2447 935 2495 posso
947 2437 1058 2496 aspettar

604 2504 648 2569 qui
667 2504 750 2553 anche
775 2509 872 2568 quanto
897 2503 957 2551 vuoi
982 2518 1057 2551 senza

604 2575 643 2623 sar
655 2575 727 2624 nulla
743 2593 764 2621 ι,
780 2601 811 2608 -
826 2576 929 2632 otiosus,
943 2573 989 2623 che
1004 2588 1057 2621 non

603 2646 637 2694 ha
649 2646 736 2695 niente
749 2646 782 2694 da
796 2645 857 2704 fare,
871 2660 944 2694 corne
956 2645 984 2693 in
1002 2642 1056 2694 Cic.

603 2717 721 2780 Brut.,3
739 2730 783 2776 103
802 2717 867 2766 N.at
881 2717 949 2765 deor.
969 2729 993 2778 3,
1014 2728 1055 2778 39,

604 2801 653 2851 93;
672 2804 778 2838 ecc.-
745 2787 872 2845 -lzic,
865 2803 893 2836 ιιι
912 2790 1003 2846 Atene,
1028 2786 1056 2834 in

604 2858 841 2926 contrapposizione
872 2874 886 2906 a
917 2849 1012 2923 (Σίριος
1040 2873 1056 2904 0

602 2947 666 2995 pure
685 2931 738 2996 qui,
752 2948 767 2978 a
779 2930 894 3013 pariare
898 2945 946 2979 con
965 2929 1014 2990 voi,
1028 2928 1056 2977 in

602 3002 840 3067 contrapposizione
853 3000 878 3050 ai
898 3001 962 3061 foro,
983 3016 1056 3049 come

601 3088 628 3122 se
647 3088 699 3121 non
718 3088 805 3122 avesse
824 3071 916 3122 alcuna
934 3072 1010 3122 sretta
1029 3070 1056 3119 di
1099 3108 1101 3111 Α

601 3160 669 3194 esser
682 3152 790 3208 pagat0;
808 3160 823 3193 e
835 3140 876 3192 eid
888 3160 934 3208 per
947 3143 1055 3192 allonta·

600 3230 661 3264 nare
673 3215 693 3263 ii
706 3222 820 3281 sospetto
834 3214 876 3264 del
890 3230 937 3264 sno
953 3213 1055 3278 viaggio

600 3285 706 3351 eCipro
718 3283 863 3351 (Spengel).
876 3313 904 3322 -
914 3287 1053 3343 Reddatur,

601 3357 645 3406 scl.
657 3364 802 3422 argentum.
814 3383 847 3392 -—
858 3372 890 3405 ne
899 3360 973 3406 time:
983 3357 999 3404 1¹
1006 3356 1054 3404 im·

600 3428 716 3494 perativo
735 3436 853 3494 presente
872 3443 921 3476 con
940 3423 1004 3477 nee
1027 3427 1055 3475 in

601 3501 661 3549 tutti
680 3500 688 3548 i
707 3500 808 3565 periodi
829 3498 938 3564 poetico,
957 3498 990 3547 ed
1009 3514 1053 3563 ap-

600 3586 661 3637 pare
687 3571 756 3621 nella
783 3586 858 3635 prosa
876 3570 981 3619 classica
999 3569 1054 3618 solo

603 3642 836 3694 eccezionalmente
853 3641 881 3690 in
897 3640 972 3691 Livio
990 3653 1015 3705 3,
1029 3653 1053 3699 2,
