2850 4259
522 284 694 329 Anfflnoss

536 635 592 693 ⁸0·
611 636 630 692 θ
647 636 689 708 [9]

159 867 309 924 smvs
381 866 535 923 DEMEA
607 867 732 926 molo
806 869 1056 928 AflsoHIst

173 976 308 1030 SERVOS
402 976 511 1029 SENES
660 980 689 1031 11
814 980 1046 1033 ADVLESCENS

483 1213 542 1272 SY.
559 1213 712 1272 Factumst
724 1214 807 1290 qubd
823 1211 942 1287 iussisti,
961 1216 1087 1274 Demea.

119 1300 190 1360 DE.
215 1297 304 1379 Frfigi
335 1299 462 1359 homo’s.
509 1320 580 1377 ergo
604 1300 714 1401 edepol
745 1301 838 1362 hodie
867 1310 934 1362 mei
965 1301 1089 1379 quidem

121 1472 231 1536 Indico
255 1477 361 1554 Syrdm
383 1476 448 1537 sieri
471 1395 691 1555 essesxeloeanessom
714 1481 854 1541 liberum.
901 1482 959 1540 ΜΙ.
990 1484 1093 1541 Istunc

484 1567 639 1627 liberum?
1028 1572 1092 1646 960

119 1655 218 1730 Quod
242 1675 311 1714 nam
335 1656 376 1716 ob
403 1657 534 1717 iactum?
583 1659 648 1718 DE.
683 1659 791 1717 Melta.
839 1659 899 1722 SY.
932 1658 960 1719 Ο
991 1667 1094 1718 noster

482 1747 607 1821 Demea,
631 1746 742 1824 edepol
766 1751 814 1805 uir
836 1748 968 1823 bonu’s;

123 1973 149 2042 ὲ
168 1990 262 2039 inutile
279 1991 404 2040 avvertire
422 1992 469 2042 che
489 1997 582 2057 questo
637 1988 680 2056 gii
698 1990 888 2050 incominciam,
909 1990 954 2039 cfr.
973 1990 982 2039 i
1000 2005 1040 2040 vv.
1060 1988 1093 2040 81

124 2064 227 2112 Demea
258 2061 285 2110 lo
314 2062 371 2111 dice
402 2062 429 2110 in
460 2062 580 2127 disparte.
637 2062 731 2126 e635.

122 2133 253 2183 L'unione
271 2149 317 2181 suo
330 2134 379 2182 sibi
396 2131 462 2198 (sibi,
486 2133 580 2197 uguale
671 2143 732 2198 959.
764 2133 853 2198 Frugi
886 2134 980 2181 bomo's
1016 2133 1096 2182 corri-

121 2206 158 2254 ad
176 2199 236 2261 eid
254 2209 320 2254 stato
338 2210 442 2253 attratto
461 2204 494 2253 da
512 2220 581 2263 suo,·
636 2206 735 2270 sponde
764 2205 789 2253 al
818 2210 906 2252 nostro
936 2224 947 2247 ι
972 2206 1015 2253 Tu
1043 2205 1096 2254 vali

117 2276 171 2326 cfr.
190 2275 251 2324 Brix
274 2293 289 2324 a
306 2274 390 2324 Plaut.
414 2276 493 2325 Trin.
520 2275 581 2339 156)
637 2277 746 2325 tant'oro
761 2286 857 2339 quanto
866 2275 922 2339 pesi
938 2293 959 2334 ι,
980 2290 1053 2325 come
1066 2276 1094 2325 in

121 2349 227 2406 denota,
247 2363 292 2412 per
315 2345 368 2394 cosi
387 2346 449 2406 dire,
471 2346 491 2394 il
513 2363 580 2397 mas·
635 2347 692 2396 fatti
711 2346 791 2395 rende
811 2345 830 2393 il
849 2346 941 2404 Gradi3
962 2347 1044 2403 utilis,
1063 2355 1096 2396 ut

122 2419 192 2468 simo
211 2411 291 2480 grado
309 2417 378 2466 della
396 2414 532 2483 proprietd,
555 2418 581 2466 la
626 2418 736 2482 fruges,
766 2425 913 2467 commenta
939 2418 1052 2477 Donato,
1078 2434 1094 2467 e

121 2487 255 2556 proprieti
287 2488 407 2550 assoluta,
446 2504 533 2554 presso
565 2504 581 2537 a
634 2504 684 2538 eon
702 2488 776 2537 utilis
795 2488 817 2537 si
830 2488 941 2538 dichiara
952 2489 1036 2554 frugi
1047 2504 1094 2537 an-

121 2574 192 2627 poeo
206 2558 294 2624 quello
310 2558 356 2607 che
369 2559 487 2622 significa
507 2579 519 2604 ι
534 2574 582 2608 suo
635 2561 682 2609 che
700 2558 728 2607 in
747 2574 800 2608 uno
818 2560 899 2609 scolio
917 2560 945 2608 di
965 2560 996 2610 G.
1008 2560 1096 2626 frugi

119 2630 254 2697 proprio»
269 2630 297 2679 in
308 2629 426 2689 italiau0;
439 2630 485 2679 cir.
495 2631 580 2680 Plaut.
635 2626 649 2678 ὲ
672 2630 811 2696 propriam.
834 2646 870 2679 un
896 2632 1001 2680 dativus
1026 2647 1094 2678 com·

124 2702 200 2765 Capi.
222 2710 235 2764 5
251 2702 351 2750 seruiat
367 2718 414 2750 suo
427 2702 477 2750 sibi
489 2702 566 2765 patri
571 2715 582 2763 ;
635 2703 705 2750 modi
716 2701 905 2751 dell’inusitato
917 2702 998 2765 frux,
1020 2708 1094 2750 usato

120 2773 187 2822 ibid.
208 2770 239 2822 81
261 2772 314 2821 Suo
332 2774 382 2822 sibi
398 2789 458 2821 suco
471 2774 582 2830 uiuent,·
635 2787 709 2821 come
740 2773 869 2836 aggettivo
900 2770 1092 2832 indeclinabile,

120 2843 187 2893 ibid.
212 2853 260 2906 503
284 2859 352 2905 ecc.;
381 2843 435 2895 Cic.
461 2844 531 2892 Phil.
556 2856 579 2903 2,
634 2843 662 2892 in
703 2843 830 2892 Terenzio
874 2842 1095 2894 ordinariamente

123 2925 166 2980 37,
188 2914 223 2975 96
243 2915 323 2978 prius
348 2931 426 2978 quam
449 2922 478 2963 tu
502 2930 581 2962 suum
634 2915 706 2963 detto
737 2913 765 2961 di
797 2914 912 2970 schiavi;
945 2913 990 2962 cir.
1022 2911 1094 2978 9823

119 2987 173 3036 sibi
190 2986 321 3044 venderes,
339 2987 394 3049 i'Jbse
408 2986 530 3049 possedit.
634 2986 732 3034 Heaut.
761 2994 821 3049 597.
852 3011 883 3021 -
910 2983 1016 3047 edepol:
1048 2985 1094 3037 cfr.

634 3073 658 3106 v.
678 3054 740 3116 289.
759 3082 791 3091 -
812 3071 875 3114 mea,
895 3069 994 3104 monos.

159 3129 193 3190 V,
214 3126 230 3175 6
248 3122 297 3192 [9].
319 3126 377 3176 Siro
402 3142 459 3177 esee
478 3126 504 3176 di
523 3143 581 3177 casa
670 3126 732 3189 960.
752 3127 857 3191 Syrum,
874 3126 926 3176 due
942 3125 1021 3176 brevi.
1041 3124 1095 3175 Co·

122 3216 170 3265 per
196 3198 234 3246 far
259 3214 348 3264 sapere
370 3215 385 3245 a
409 3198 509 3247 Demea
534 3199 581 3249 che
634 3198 753 3249 struisci:
783 3198 875 3247 Iudico
906 3212 1012 3261 aequom
1042 3213 1096 3246 esse
1160 3192 1163 3199 ’

121 3271 156 3319 ha
178 3268 328 3333 adempiuto
351 3268 369 3316 l'
379 3269 469 3317 ordine
494 3269 520 3318 di
544 3270 581 3319 lui
635 3269 731 3332 Syrum
740 3268 926 3327 fiaerilibcrum.
940 3267 1094 3317 -Istunc:

121 3338 182 3406 (cir.
203 3356 226 3390 v.
248 3338 321 3404 916).
339 3339 432 3389 Metti:
452 3342 581 3390 ottonario
634 3339 680 3388 cir.
698 3339 725 3388 la
737 3346 798 3388 nota
815 3339 841 3388 al
853 3355 877 3389 v.
894 3350 933 3403 15,
947 3354 962 3388 e
974 3338 983 3387 i
996 3353 1036 3387 vv.
1048 3351 1093 3402 43,

119 3414 247 3478 giambico
265 3409 344 3476 (958;
364 3411 409 3460 cir.
428 3411 581 3475 Appendice
636 3409 695 3473 281,
718 3422 777 3473 732,
797 3425 849 3461 ecc.

121 3482 212 3532 critica
233 3481 258 3531 ai
281 3498 321 3533 vv.
343 3480 483 3547 956·957)‚
506 3491 580 3531 sette-
671 3481 732 3543 961.
761 3480 859 3539 Multa,
885 3480 929 3531 sel.
955 3481 984 3528 ob
1008 3479 1094 3529 mulia

121 3554 201 3603 nario
224 3555 335 3602 trocaico
358 3551 509 3618 (959·997).
532 3554 582 3603 Per
626 3553 715 3617 facta.
730 3578 763 3588 -
780 3552 902 3601 Onostcr
914 3552 1026 3601 Demea:
1045 3550 1092 3601 cfr.

121 3624 148 3674 la
172 3639 250 3674 scena
273 3624 320 3674 che
339 3624 446 3674 s'inizia
470 3641 486 3673 a
506 3639 580 3674 verso
634 3641 657 3674 v.
673 3622 734 3687 831.
756 3650 788 3661 -
808 3623 912 3689 edepol:
931 3622 976 3673 cir.
992 3638 1015 3672 v.
1030 3620 1098 3684 289.
