2850 4259
256 1986 258 1990 Ι
353 1915 362 1963 1
381 1930 420 1963 vv.
444 1927 465 1975 1,
487 1924 527 1980 5⁷·
548 1927 608 1979 299,
628 1930 679 1964 ecc.

353 284 420 324 222
763 279 791 325 P.
815 278 952 322 TERENTI

346 408 413 468 SY.
437 407 478 465 Di
499 403 565 480 tibi,
591 408 715 479 Demea,
740 414 847 466 omnes
869 423 987 484 semper
1016 404 1118 466 omnia
1143 414 1237 483 optata
1261 406 1302 464 of·

352 586 412 646 Ml.
444 584 528 661 Syre,
561 495 729 662 prodiiiistti
760 582 851 644 hodie
881 583 1015 662 pulchre.
1062 586 1128 645 DE.
1159 580 1303 661 Siquidem

392 739 395 744 .
620 691 720 751 porro,
746 671 847 745 Micio,

348 764 404 823 To
426 772 511 823 tuom
534 759 666 823 dificium
691 759 793 837 facies,
816 771 907 838 atque
930 759 1000 823 huic
1023 760 1136 839 aliquid
1158 762 1303 840 paululum

619 855 691 929 prae
714 868 806 911 manu
1245 852 1303 928 980

353 938 492 1015 Dederis,
516 940 598 1000 unde
621 946 743 1000 utetur:
779 940 887 1000 reddet
908 937 964 1002 obi
987 938 1057 1002 cito.
1096 942 1153 1000 ΜΙ.
1179 942 1254 999 Istoc
1268 943 1305 997 m·

623 1027 689 1088 lius.

348 1120 417 1179 ΑΕ.
447 1116 538 1198 Frdgi
568 1118 700 1196 homost.
746 1118 805 1180 SY.
828 1118 968 1179 Reddam
999 1118 1110 1191 hercle,
1142 1118 1181 1177 da
1209 1116 1306 1178 modo.

621 1209 686 1284 ᾼΕ.
711 1186 787 1285 sige,
810 1217 904 1285 pater.
951 1208 1009 1267 ΜΙ.
1033 1209 1106 1267 Post
1128 1208 1284 1267 consulam.

349 1297 419 1357 DE.
444 1293 555 1358 Faciet.
606 1297 666 1357 SY.
699 1296 728 1356 Ο
751 1294 797 1355 uir
827 1294 972 1374 optumei
1019 1298 1082 1357 ΑΕ.
1110 1297 1138 1357 Ο
1168 1302 1248 1374 pater
1269 1293 1306 1354 mi

620 1382 838 1446 sestiutssumel

390 1630 450 1694 978.
477 1629 530 1682 cfr.
552 1630 636 1680 Plout.
664 1631 738 1694 capt.
757 1640 808 1696 355
864 1648 959 1681 manu:
988 1632 1072 1683 «alla
1091 1648 1169 1682 mano
1188 1650 1210 1692 ι,
1234 1651 1245 1673 «
1267 1646 1307 1697 pet

353 1702 394 1750 Di
421 1704 469 1752 tibi
494 1718 580 1751 omnes
607 1702 693 1750 omnia
722 1709 810 1767 optata
864 1701 938 1754 l'uso
969 1704 1011 1754 del
1042 1712 1175 1753 momento
1207 1719 1237 1763 »3
1268 1701 1305 1753 cfr.

346 1773 471 1836 offlront.
506 1773 555 1822 Per
586 1773 602 1821 l'
617 1772 807 1832 allitterazione,
863 1774 946 1825 Plaut.
960 1775 1054 1824 Bacch.
1068 1775 1121 1823 622
1133 1771 1242 1839 (Fleck.)
1264 1773 1309 1835 Qui

349 1843 517 1903 l’assonanza,
538 1845 744 1904 l'adnominotio,
763 1844 808 1894 cfr.
859 1847 937 1909 patri
957 1847 1061 1895 redds'ds‘
1083 1847 1156 1910 quod
1170 1844 1233 1909 fuit
1248 1853 1308 1909 prae

863 1932 952 1965 manu.

390 1994 450 2048 979.
470 1987 660 2051 processisti...
678 1985 807 2050 pulchre:

252 2049 253 2054 ¹
350 2056 399 2106 cfr.
419 2055 445 2106 13
469 2064 530 2106 nota
553 2058 577 2106 31
602 2073 625 2106 v.
647 2055 707 2119 897,
728 2073 742 2106 e
761 2072 807 2121 per

352 2128 470 2178 costrutti
482 2128 603 2193 analoghi
619 2128 703 2178 Plaut.
724 2128 750 2176 T
749 2144 805 2176 ruc.

354 2197 406 2263 516
418 2205 447 2248 tu
460 2207 527 2248 recte
541 2201 707 2264 prouenisti,·
727 2198 805 2247 Stich.

353 2268 406 2335 398
414 2271 564 2334 prouenists'
572 2267 686 2333 futtile,·
705 2284 756 2319 ecc.
773 2295 805 2305 -

353 2341 486 2404 Siquidem
500 2348 597 2405 porro.-
613 2361 625 2385 ι
646 2341 679 2391 Se
697 2337 760 2406 perd
778 2347 806 2389 tu

350 2412 382 2461 in
400 2410 465 2461 oltre
486 2430 507 2464 ι.
534 2413 600 2462 Vale
622 2428 636 2460 3
658 2413 713 2462 dire
740 2411 806 2460 Pro·

352 2484 430 2532 cessit
433 2483 552 2547 pulchre,
564 2484 690 2547 siquidem
697 2491 805 2547 porro...

391 2553 452 2616 980.
472 2553 516 2603 Tu
535 2562 605 2604 tuom
629 2555 738 2618 officium
756 2553 806 2618 sa·

352 2627 409 2683 cies,
429 2620 485 2674 cios
503 2639 577 2675 come
599 2633 708 2690 patrono
734 2639 806 2674 verso

353 2695 374 2745 il
397 2711 443 2745 suo
471 2695 573 2745 liberto.
600 2696 669 2745 Nota
694 2696 721 2745 in
749 2695 807 2745 fatti

352 2766 474 2817 Donato:
506 2785 518 2809 ι
546 2767 606 2817 Hoc
631 2775 669 2817 est
695 2767 805 2833 patroni,

354 2845 384 2886 ut
405 2837 526 2887 libertum
551 2854 604 2887 non
628 2838 737 2902 deseras,
761 2839 807 2888 sed

354 2917 383 2957 ut
402 2908 456 2957 alas
481 2911 673 2959 manumissum.
699 2911 806 2959 Plautus

347 2975 444 3044 [Cure.
464 2989 513 3042 547
532 2978 581 3047 sg.]
603 2982 681 3029 Facis
703 2983 805 3046 sapien·

349 3051 408 3099 tius
431 3050 535 3115 (melius
556 3049 638 3116 Don.)
666 3068 744 3116 quam
768 3052 823 3101 lav

348 3128 460 3170 tronum
479 3120 613 3185 (lenonum
637 3120 718 3188 Don.)
738 3131 807 3188 pars

346 3192 456 3246 libertos
474 3195 521 3257 qui
541 3195 635 3244 habent
657 3202 683 3243 et
705 3210 745 3243 eos
764 3194 806 3242 dc·

354 3271 453 3312 serunt.
482 3264 512 3312 In
540 3266 648 3329 officium
671 3266 697 3314 13
724 3265 807 3330 prima

348 3332 446 3382 sillaba
458 3335 483 3385 13
495 3350 597 3401 gruppo
610 3336 739 3399 giambico
757 3350 806 3385 con

353 3403 379 3452 13
397 3404 488 3455 sillaba
506 3408 666 3471 precedente.
689 3433 721 3442 -
738 3414 805 3471 pau·

347 3474 436 3524 lulum
455 3473 470 3525 ὲ
488 3476 513 3525 13
538 3477 584 3528 lez.
604 3478 645 3528 dei
669 3479 743 3527 codd.
763 3491 804 3526 so·

351 3546 451 3596 stituita
469 3548 538 3597 dalla
558 3548 662 3613 vulgata
676 3549 788 3613 paulum
795 3565 806 3603 ,·

345 3616 398 3667 css.
412 3618 437 3667 13
455 3627 516 3669 nota
528 3621 552 3669 al
571 3637 594 3671 v.
614 3634 675 3683 949.
691 3647 722 3657 -
738 3627 806 3684 prae

899 1985 959 2048 981.
979 1989 1048 2037 unde
1069 1995 1169 2037 utatur.
1193 1987 1305 2037 Donato:

864 2078 876 2099 ι
887 2058 981 2124 dequo
992 2075 1067 2108 usnm
1078 2058 1189 2108 fructum
1198 2058 1306 2123 capiat».

859 2129 956 2180 Troo:
986 2149 998 2173 ι
1028 2146 1074 2195 per
1101 2129 1204 2178 nutrirsi
1233 2147 1254 2179 ι.
1278 2155 1305 2164 -

859 2201 928 2249 Istoc
938 2202 1027 2250 uilius.
1042 2201 1146 2250 Donato
1159 2200 1305 2251 sottintende

860 2271 931 2323 dabo.
956 2273 1033 2330 Istoc,
1062 2272 1182 2329 ablativo,
1202 2267 1216 2319 ὲ
1243 2272 1305 2321 detto

860 2338 1002 2397 δεικτικῶς
1014 2340 1071 2407 (cfr.
1087 2359 1109 2392 v.
1127 2341 1205 2407 163);
1225 2342 1243 2391 il
1254 2358 1304 2407 pro·

859 2428 937 2463 nome
955 2413 998 2463 del
1017 2421 1086 2464 resto
1111 2431 1158 2480 per
1182 2410 1208 2463 se
1233 2422 1305 2463 stesso

860 2482 917 2548 (cfr.
931 2500 954 2535 v.
972 2482 1014 2548 15)
1027 2486 1139 2550 esprime
1152 2485 1238 2551 quella
1255 2485 1305 2534 ides

860 2554 903 2604 del
921 2571 1016 2605 nessun
1029 2555 1123 2617 valore,
1137 2557 1219 2605 chesi
1236 2556 1306 2621 espri-

860 2642 934 2675 meva
949 2627 1056 2676 insieme
1076 2642 1126 2676 con
1145 2628 1163 2676 il
1186 2634 1263 2691 gesto.
1278 2625 1307 2674 Vi

860 2692 874 2745 ὲ
891 2697 933 2746 chi
945 2698 1100 2747 sottintende
1114 2700 1204 2748 reddet
1214 2699 1242 2748 in
1254 2713 1307 2748 vece

860 2767 886 2817 di
906 2770 976 2829 dabo,
991 2769 1058 2818 forse
1072 2784 1126 2818 non
1140 2787 1154 2818 a
1167 2777 1248 2830 torto;
1266 2769 1292 2818 ci
1299 2803 1306 2816 .

859 2839 885 2889 le
909 2854 980 2904 segg.
1005 2840 1095 2904 parole
1111 2842 1198 2906 Frugi
1218 2842 1307 2890 homost

859 2909 886 2959 di
907 2910 1027 2970 Eschino,
1057 2928 1071 2961 e
1096 2913 1211 2961 Reddam
1229 2911 1305 2961 hercle

859 2980 886 3029 di
905 2981 970 3031 Siro.

896 3051 957 3114 982.
976 3055 1079 3119 Frugi:
1098 3055 1145 3105 cfr.
1163 3071 1185 3106 v.
1205 3064 1263 3118 959.
1278 3078 1304 3089 -

859 3124 925 3174 Post
942 3126 1083 3174 consulam.
1109 3127 1200 3175 Anche
1225 3132 1306 3190 questo

861 3190 875 3243 ὲ
894 3210 945 3243 una
963 3197 1128 3246 concessione
1144 3197 1207 3246 satta
1226 3196 1256 3244 ad
1273 3196 1304 3244 11·
1374 3203 1377 3214 ·

859 3266 967 3328 schin0;
1000 3268 1026 3315 la
1057 3283 1102 3317 sua
1134 3268 1266 3333 preghiera
1295 3262 1307 3313 1

859 3336 947 3401 quella
956 3337 1003 3387 che
1013 3338 1249 3388 immediatamente
1255 3354 1305 3404 pre·

859 3408 956 3543 αξξ.
976 3479 1065 3543 faciet
1085 3476 1100 3528 ὲ
1118 3481 1191 3530 detto
1211 3499 1226 3530 3
1246 3480 1302 3531 Siro.

862 3576 893 3585 -
907 3551 929 3599 0
941 3552 986 3601 uir
1005 3558 1055 3615 opt.
1070 3568 1085 3601 e
1098 3552 1117 3600 il
1129 3568 1182 3616 seg.
1199 3553 1221 3601 0
1233 3559 1304 3617 pater

860 3621 897 3669 mi
905 3621 972 3686 fest.
993 3637 1056 3672 sono
1076 3623 1132 3673 lodi
1152 3621 1305 3689 eringmzis·
