2850 4259
518 287 687 333 ADELPHOE

1021 291 1085 350 213

123 415 188 475 DE.
213 417 287 491 Age,
312 415 385 491 quid
402 411 500 493 siquid
523 423 554 475 te
577 413 672 484 maius
696 415 786 476 oret?
830 417 890 475 ΜΙ.
914 414 1007 491 Quasi
1023 435 1087 476 non

570 506 629 565 hoc
650 502 689 563 sit
711 511 895 566 maxumum.

123 594 187 654 DE.
207 593 255 652 Da
270 591 400 654 ueniam.
442 595 507 654 AE.
527 594 576 652 Ne
591 601 725 670 grauate.
764 593 829 653 DE.
847 595 914 666 Fac,
932 601 1086 670 promitte.

570 684 628 745 ΜΙ.
653 684 725 741 Non
748 679 907 742 omittitis?

122 773 187 836 ΑΕ.
211 772 290 843 Non,
315 769 373 830 nisi
395 780 426 830 te
450 789 582 830 exorem.
627 773 687 861 Mi.
710 773 766 830 Vis
789 781 834 830 est
850 772 926 830 haec
949 769 1085 846 quidem.

569 861 635 920 DE.
659 862 735 935 Age,
759 858 884 937 prolixe,
909 859 1013 920 Micio,

120 950 181 1011 ΜΙ.
207 946 271 1008 Etsi
293 949 353 1009 hoc
376 947 449 1009 mihi
479 966 606 1027 prauom
636 947 772 1025 ineptum
804 949 968 1009 absurdum
994 958 1087 1027 atque

567 1035 698 1096 alienum
722 1057 741 1097 a
763 1036 826 1098 uita
848 1056 915 1098 mea

119 1351 178 1406 cioe
194 1356 239 1421 qui
252 1355 322 1406 della
340 1371 456 1421 persona,
470 1352 515 1421 piir
528 1356 575 1406 che

122 1427 166 1477 del
178 1427 335 1492 patrimonio
347 1427 373 1475 di
386 1428 507 1478 Micione.
521 1426 574 1477 Cir.

117 1498 146 1547 al
170 1515 195 1548 v.
222 1510 270 1560 117
294 1498 324 1547 de
349 1515 410 1548 meo.
434 1525 468 1534 -
489 1506 575 1563 puer:

120 1570 204 1619 anche
225 1570 278 1629 noi,
297 1568 366 1618 nella
391 1569 531 1619 situazione
549 1569 577 1619 di

119 1640 244 1700 Micione,
271 1655 402 1690 avremmo
431 1641 502 1690 detto
527 1656 576 1690 con

120 1710 147 1760 lo
166 1720 249 1760 stesso
267 1726 343 1761 senso
365 1730 376 1753 ι
397 1726 502 1775 ragazzo
523 1731 545 1761 ι.

156 1795 218 1844 94ι.
242 1784 313 1848 Age:
336 1781 382 1833 cfr.
404 1799 428 1832 v.
456 1792 514 1844 271.
541 1808 574 1819 -

115 1856 188 1918 quid
216 1854 306 1916 siquid
333 1862 357 1903 te
387 1855 472 1903 maius
499 1858 575 1903 oreti

118 1924 575 1989 «ὼῶώκῷᾱὼ-

116 1995 195 2045 desse
208 2011 245 2044 un
264 1995 350 2045 favore
363 1993 409 2062 piir
422 1996 537 2060 grande?
551 2015 575 2047 ι.

117 2092 152 2102 -
176 2067 275 2128 Quasi:
294 2065 339 2116 cir.
359 2084 398 2116 vv.
419 2079 479 2130 223,
500 2077 559 2129 271.

154 2150 217 2203 942.
230 2138 275 2186 Da
288 2138 406 2187 ueniam:
419 2138 465 2189 cfr.
478 2154 500 2186 v.
513 2150 573 2202 937.

115 2235 152 2245 -
175 2208 218 2257 Ne
238 2224 373 2273 grauaret
398 2209 443 2259 cir.
467 2209 492 2257 la
514 2218 576 2258 nota

630 1356 715 1408 Plaut.
731 1356 804 1421 Capi.
821 1365 873 1420 750
892 1356 936 1406 Vis
948 1358 1009 1407 haec
1027 1360 1085 1423 qui·

630 1429 686 1478 dem
705 1428 815 1477 herclest
822 1446 833 1485 ,·
852 1427 898 1478 cfr.
912 1429 994 1479 anche
1013 1428 1083 1479 Suet.

629 1499 684 1548 Iul.
710 1498 744 1549 82
769 1499 819 1547 ista
844 1500 946 1563 quidem
970 1502 1010 1549 vis
1037 1508 1082 1551 est.

630 1596 663 1605 -
685 1570 791 1634 prolixe
813 1591 849 1611 =
873 1571 985 1636 benigne,
1009 1586 1083 1621 come

628 1640 742 1691 dichiara
754 1643 865 1699 Donato,
879 1657 957 1690 econ
974 1642 1083 1691 iocunde

627 1708 641 1759 ὲ
671 1712 788 1777 spiegata
816 1711 841 1760 la
868 1712 957 1776 parola
980 1713 1007 1761 in
1030 1728 1082 1761 uno

628 1783 726 1843 scoli03
747 1782 792 1832 cir.
810 1784 883 1833 Eun.
901 1782 968 1832 1082
982 1785 1085 1848 Accipit

628 1854 701 1901 hama
720 1869 793 1902 nemo
808 1853 900 1902 melius
913 1862 1027 1918 prorsus
1039 1870 1083 1903 ne·

629 1940 677 1989 que
703 1924 845 1988 prolixius.
874 1923 926 1974 Del
957 1931 1024 1975 resto
1055 1925 1082 1974 in

628 2001 721 2060 questo
733 1994 877 2058 significato
890 1995 911 2044 si
924 2011 1005 2045 usano
1018 2004 1081 2060 pro·

628 2066 681 2115 lixe
711 2083 725 2117 e
754 2067 876 2129 l’aggett.
904 2067 1028 2130 prolixus
1055 2067 1082 2115 in

628 2136 769 2198 Cicerone;
789 2136 834 2186 cfr.
854 2138 892 2185 ad
908 2140 960 2187 Art.
982 2137 1006 2196 6,
1026 2146 1080 2202 3,5

627 2210 820 2258 Ariobarzanes
860 2208 890 2256 in
932 2209 1082 2272 Pompeium

114 2297 132 2330 a
153 2295 187 2329 ne
206 2280 266 2328 time
281 2279 324 2329 del
341 2297 365 2331 v.
379 2292 439 2343 279.
458 2280 574 2345 Negra·
623 2279 779 2343 prolixior‚·
797 2277 859 2328 ibid.
883 2292 943 2339 1,1‚
964 2292 980 2327 2
1000 2286 1083 2328 cetera

116 2367 185 2401 reare
198 2350 337 2417 propriam.
356 2350 471 2415 significa
487 2370 499 2395 ι
513 2351 574 2400 Non

115 2423 136 2471 ti
164 2422 203 2470 sia
228 2436 305 2485 grave
327 2440 348 2480 ι,
377 2441 389 2464 r
412 2422 473 2471 Non
498 2422 518 2470 ti
536 2424 574 2470 sia

114 2491 230 2542 molesto
252 2510 273 2550 ι,
299 2492 405 2557 quindi:
431 2512 442 2535 ι
462 2494 523 2541 Non
541 2494 574 2541 ri·

112 2562 214 2613 cusarti
245 2578 276 2622 ις
306 2561 351 2612 cfr.
380 2563 463 2612 Plaut.
494 2563 574 2613 Stich.

115 2633 167 2699 185
197 2649 236 2697 sg.
260 2635 323 2683 uerti
343 2633 388 2682 illa
412 2634 450 2682 ad
470 2650 573 2682 cenam:

112 2707 153 2756 sic
172 2704 259 2769 face:
287 2706 413 2754 Promitte
437 2720 517 2754 uera:
541 2721 574 2754 ne

110 2792 241 2843 grauare.
273 2775 327 2825 Cir.
359 2778 426 2842 App.
455 2775 511 2825 crit.
540 2802 572 2810 -

114 2848 182 2897 Non
203 2847 342 2897 omittitis)
360 2844 458 2898 Perche
475 2846 575 2895 Demea

111 2919 149 2969 ed
168 2917 291 2977 Eschino,
311 2934 357 2983 per
379 2918 434 2968 iare
457 2918 503 2966 che
522 2916 573 2965 Mi·

111 2990 194 3039 cione
214 2987 362 3038 finalmente
376 2990 398 3038 si
417 2988 572 3051 arrendesse,

112 3062 136 3109 si
152 3067 281 3109 tenevano
294 3061 376 3108 stretti
389 3077 404 3108 a
416 3060 461 3118 lui,
475 3075 489 3109 e
505 3059 573 3109 forse

111 3131 202 3180 anche
220 3129 258 3192 gii
276 3131 440 3195 prendevano
458 3130 483 3179 le
502 3130 573 3178 mani

628 2358 702 2414 spero
726 2350 835 2413 prolixa
862 2365 914 2398 esse
940 2350 980 2398 leis
1008 2351 1081 2399 a'um-

628 2427 704 2469 taxat
727 2420 835 2469 urbanis
857 2421 1062 2485 competitoribus
1071 2437 1082 2476 ,·

627 2492 701 2540 Fam.
732 2503 756 2554 3,
786 2490 809 2551 8,
840 2490 876 2552 83
908 2508 923 2542 e
949 2507 996 2557 per
1023 2490 1082 2540 altri

627 2562 726 2627 esempi
745 2562 841 2611 Pascal.
868 2579 888 2611 a.
909 2580 930 2612 e.
949 2579 969 2612 s.
988 2579 1011 2612 v.
1030 2561 1082 2610 Nel

627 2634 696 2682 Dici.
718 2640 791 2696 etym.
811 2633 837 2681 di
856 2633 932 2682 Breal
957 2632 1081 2699 eBailly,

627 2720 647 2754 s.
669 2720 693 2759 v.
719 2705 806 2767 liquet,
829 2719 883 2752 non
906 2700 921 2751 ie
944 2703 1081 2768 registrato

627 2782 719 2839 questo
738 2775 825 2824 valore
844 2775 870 2823 di
887 2775 1019 2839 prolixus,
1039 2792 1081 2824 ma

627 2861 683 2894 esso
703 2841 717 2894 ὲ
737 2846 815 2894 citato
833 2845 889 2895 solo
914 2860 988 2896 come
1012 2847 1081 2897 sino-

628 2916 699 2964 nimo
718 2915 745 2964 di
759 2917 905 2980 profluens,
919 2916 945 2965 di
958 2917 1000 2966 cui
1016 2933 1081 2965 sono

627 2987 697 3035 citati
714 2987 834 3052 parecchi
850 2988 956 3051 esempi.
970 3013 1003 3023 —-
1017 2991 1081 3054 Aga,

622 3058 749 3122 prolixe:
772 3076 783 3101 ι
810 3058 867 3117 Via,
888 3058 919 3107 sii
948 3059 1037 3107 buono
1058 3078 1082 3117 ι,

628 3148 640 3172 ι
657 3128 700 3188 Su,
715 3128 748 3177 da
765 3131 882 3180 bravo».
901 3129 961 3178 Non
980 3125 1022 3178 δὲ
1041 3128 1083 3177 bi-

113 3218 129 3251 e
149 3200 189 3265 gli
211 3206 349 3250 toccavano
368 3202 393 3249 la
407 3200 504 3265 spaila3
526 3201 572 3252 cir.
620 3214 708 3263 sogno
719 3195 753 3248 ne
766 3201 793 3248 di
806 3200 893 3263 legare
903 3202 959 3263 Age
967 3200 1080 3263 prolixe,

113 3288 138 3323 v.
159 3279 224 3334 937.
249 3271 336 3321 Perii
360 3273 438 3322 verbo
458 3274 572 3321 arrrittere

109 3343 162 3393 cfr.
183 3341 204 3390 il
222 3357 245 3391 v.
268 3352 328 3405 172.

151 3425 217 3476 943.
248 3415 303 3463 nisi
328 3421 351 3462 te
379 3429 496 3462 exorem:
526 3412 554 3462 cf
564 3445 572 3462 .

113 3486 182 3535 Sine
201 3492 225 3533 te
237 3500 339 3534 exorem
358 3484 400 3533 dei
419 3498 449 3532 v:
462 3484 522 3547 936.
537 3510 571 3519 -

112 3558 159 3605 uis
179 3556 290 3604 esthaee
308 3557 418 3619 quidem.
439 3556 571 3620 L'espres·

108 3628 189 3678 sione
214 3625 308 3676 ricorre
334 3627 384 3675 tale
407 3643 422 3677 e
446 3627 522 3691 quale
544 3627 573 3675 in

626 3266 659 3319 ni
678 3271 705 3319 di
724 3271 909 3321 sottintendere
919 3270 972 3336 fac
986 3286 1002 3319 ο
1017 3278 1085 3334 pro·

626 3343 697 3391 mitte
709 3357 726 3390 o
739 3341 818 3391 simili
830 3342 914 3401 verbi;
934 3340 979 3391 cfr.
992 3357 1015 3390 v.
1031 3340 1083 3405 156

628 3411 720 3461 Otiose.

664 3497 725 3546 944„
745 3492 830 3549 atque,
844 3485 912 3550 dopo
925 3483 1083 3533 un’enume·

626 3554 727 3603 rarione
746 3555 894 3614 asindetica,
920 3570 994 3603 come
1013 3561 1037 3603 et
1054 3553 1081 3602 al

626 3643 649 3676 v.
657 3638 709 3689 319
721 3623 801 3692 (Vedi
812 3627 836 3675 la
847 3623 919 3691 nota)
930 3624 978 3676 eal
986 3640 1008 3676 v.
1019 3622 1085 3687 988.
