2850 4259
518 308 685 354 ADELPHOE

1018 311 1076 370 107

39 444 40 459 ¹
134 440 197 501 HE.
221 439 300 499 Vero
325 436 474 516 amplius:
509 455 578 496 nam
605 437 664 496 hoc
691 434 815 511 quld‘e‘m
847 434 1008 494 ferundum
1032 434 1084 495 ali·

571 532 632 603 quo
655 524 795 585 modost:

133 614 276 677 Persuasit
298 636 359 677 nox
382 625 466 677 amor
488 614 593 675 uinum
616 611 838 675 adulescentia:

1021 632 1083 691 47Ο

133 708 340 767 Ηυιηάηιιιηεῑ.
387 703 441 766 ubi
462 703 517 766 scit
538 706 659 778 factum,
683 705 723 763 ad
746 713 871 763 matrem
894 701 1016 780 uirginis

133 795 222 855 Venit
242 802 326 873 ipsus
347 796 426 856 ultro
448 797 616 856 lacrumans
639 812 727 852 orans
750 793 911 853 obsecrans

132 883 234 945 Fidem
256 885 340 958 dans,
364 884 464 944 iurans
487 889 518 944 se
540 882 623 943 illam
645 884 806 943 ducturi‘im
828 882 962 943 domum.

133 976 305 1051 Ignotumst‚
329 973 488 1046 tacitumst,
512 970 697 1033 creditumst.
744 969 830 1048 uirgo
852 975 888 1030 ex
912 990 948 1031 eo

133 1064 310 1141 Compressu
332 1061 457 1142 grauida
471 1063 577 1123 factast
592 1059 715 1138 (mensis
738 1061 882 1122 decumus
905 1060 984 1140 est);
1020 1077 1082 1139 475
1129 1107 1132 1126 ,

132 1153 186 1211 Ille
207 1153 305 1214 bomis
328 1152 375 1214 uir
396 1150 486 1213 nobis
507 1148 670 1229 psaltriam,
696 1148 720 1210 si
743 1151 790 1210 dls
813 1151 920 1227 placet,

169 1384 228 1446 469.
254 1383 318 1432 Vero
336 1383 467 1448 amplius:
486 1383 583 1442 Sicur0,

134 1456 160 1505 di
184 1455 286 1521 peggio.
316 1482 347 1492 —
373 1455 484 1518 quidem,
510 1453 584 1520 pirri·

134 1527 208 1589 cbio;
237 1527 340 1590 quidem
365 1526 399 1574 ha
426 1525 472 1591 qui
499 1525 584 1574 valore

133 1598 287 1649 concessive.
307 1597 331 1646 Il
349 1613 411 1646 uero
426 1597 539 1660 anzplius
558 1595 585 1644 in

133 1669 190 1718 fatti
214 1669 236 1717 si
260 1668 374 1718 riferisce
398 1684 413 1716 a
437 1664 477 1717 cio
499 1668 546 1717 che
570 1662 586 1714 ὲ

133 1741 204 1792 detto
216 1740 259 1789 nei
269 1756 309 1790 vv.
319 1739 373 1801 476
383 1754 422 1802 sg.
431 1755 437 1788 :
446 1738 496 1788 Ille
506 1740 586 1787 bonus

135 1814 181 1861 uir
198 1827 223 1876 q.
239 1826 271 1860 ss.
291 1811 368 1860 Nella
387 1810 535 1860 traduzione
553 1824 586 1858 ne

134 1883 209 1932 terrai
225 1888 302 1931 conto
321 1880 389 1931 cosi:
407 1901 417 1924 ι
432 1877 535 1941 Ρεῐοὴὲ,
549 1881 587 1929 sia

135 1970 208 2020 pure,
238 1960 329 2017 questa
355 1953 430 2017 colpe
460 1953 488 2002 in
518 1958 587 2002 certo

135 2025 213 2075 modo
232 2024 310 2087 gliela
329 2025 349 2074 si
373 2019 425 2090 pud
443 2039 586 2073 scusare...

134 2098 180 2146 Ma
197 2111 242 2145 ora
253 2097 322 2160 -quel
343 2095 509 2159 galantuomo
528 2094 589 2158 (Ille

136 2169 217 2217 bonus
237 2165 319 2232 uir)...
341 2186 363 2214 ι.
385 2192 417 2202 -
428 2166 588 2230 ferundum.

134 2241 167 2290 Se
190 2238 199 2286 i
223 2238 286 2287 temi
305 2238 347 2288 dei
366 2238 437 2287 verbi
462 2254 514 2286 non
533 2236 588 2284 fini-

135 2324 214 2358 scono
239 2308 267 2357 in
289 2326 308 2359 u
327 2326 343 2359 o
362 2325 386 2369 v,
412 2316 502 2373 questa
526 2304 542 2355 ὲ
564 2306 590 2355 la

135 2381 219 2430 forma
244 2382 358 2444 regolare
383 2379 426 2429 del
450 2378 590 2444 gerundivo

135 2452 177 2502 dei
197 2452 270 2501 verbi
289 2452 356 2502 della
385 2462 415 2515 3²
436 2468 450 2501 e
474 2451 542 2501 della
559 2460 592 2509 4a

135 2522 322 2586 coniugazione
353 2523 380 2571 ln
406 2522 499 2572 Plauto
526 2537 540 2571 e
565 2520 592 2568 in

134 2595 271 2645 Terenzio.
297 2594 339 2644 Ne
362 2593 449 2643 hanno
471 2595 591 2659 frequen-

135 2665 231 2715 tissimi
243 2666 340 2730 esempi
351 2665 375 2715 le
385 2666 512 2715 iscrizioni
525 2663 593 2713 della

136 2736 190 2785 fine
209 2735 253 2785 del
268 2737 371 2786 settimo
390 2737 483 2795 secolo,
503 2752 518 2785 e
537 2734 591 2783 Sal·

134 2806 225 2867 lustio,
245 2807 292 2857 che
317 2804 332 2856 ὲ
356 2815 418 2858 noto
441 2813 537 2873 quanto
557 2805 594 2854 sia

135 2879 236 2928 incline
254 2879 350 2928 all'uso
368 2879 438 2943 degli
456 2877 580 2928 arcaismi.

170 2960 239 3013 470.
263 2950 302 2999 La
323 2958 402 3000 stessa
427 2965 501 2999 seusa
528 2945 542 2997 ὲ
566 2947 594 2997 in

135 3023 221 3071 Phor.
250 3032 315 3085 1017
336 3038 373 3086 sg.
400 3021 594 3070 Vinolentus...

136 3093 320 3143 mulierculam
339 3095 408 3143 Eam
430 3093 595 3156 compressit,·

135 3163 226 3213 Plaut.
240 3164 302 3213 Aul.
317 3174 367 3228 745
381 3165 448 3225 Quia
461 3163 521 3212 uini
531 3162 595 3212 uitio

136 3243 221 3300 atque
242 3238 337 3285 amoris
352 3236 411 3299 feci
418 3253 430 3293 ,·
448 3234 542 3286 Bacch.
561 3231 594 3294 87

137 3320 197 3371 sg.;
220 3305 293 3355 Ovid.
314 3308 373 3356 Am.
396 3319 420 3367 1,
439 3306 462 3365 6,
483 3314 524 3369 59.

173 3386 240 3439 471.
253 3378 448 3428 Humanumsl:
461 3377 541 3426 siamo
552 3392 597 3425 uo·

138 3448 223 3510 mini;
243 3447 289 3496 cfr.
307 3448 326 3496 il
344 3447 505 3513 proverbiale
523 3464 546 3496 v.
563 3458 596 3513 77

138 3518 239 3569 dell'H
238 3526 311 3568 caut:
318 3521 402 3568 Homo
409 3536 481 3568 sum:
490 3520 600 3568 huntam‘

140 3590 186 3641 nil
192 3606 209 3639 a
220 3605 260 3638 me
268 3590 382 3639 alienum
387 3597 463 3656 puto.
472 3588 526 3640 cfr.
537 3588 597 3653 687.

142 3688 175 3699 -
196 3660 310 3713 abiecit
323 3658 439 3726 factum,
459 3677 474 3710 a
491 3676 558 3727 pena
577 3662 598 3710 si

639 1398 740 1432 accorse
768 1382 795 1431 di
822 1382 909 1448 quello
940 1382 986 1431 che
1013 1396 1091 1430 aveva

638 1453 710 1503 fatto
735 1453 762 1503 Si
780 1460 887 1503 trattava
904 1453 931 1501 di
956 1468 992 1501 un
1010 1452 1091 1501 abuso

640 1526 687 1575 che
706 1532 798 1590 poteva
822 1532 924 1591 portare
942 1523 1007 1574 serie
1032 1538 1091 1572 con-

639 1612 774 1661 seguenze,
802 1592 895 1662 perche
924 1593 1023 1644 Panfila
1049 1610 1092 1643 era

639 1683 691 1717 non
715 1668 770 1718 solo
792 1668 880 1728 libera,
901 1683 942 1716 ma
960 1667 987 1715 di
1005 1668 1093 1716 buona

639 1738 763 1803 famiglia.

675 1820 736 1874 472.
762 1811 853 1874 {nsum
879 1809 923 1858 cfr.
949 1826 972 1857 v.
993 1806 1034 1871 78.
1058 1833 1093 1843 -

640 1883 720 1940 ultro,
732 1881 799 1931 fuori
812 1881 900 1944 d'ogni
913 1880 1092 1945 aspettazione‚

641 1950 686 2020 pile
705 1953 733 2001 di
757 1952 845 2017 quello
863 1952 910 2001 che
929 1952 951 2001 si
970 1951 1095 2016 potrebbe

641 2025 753 2074 eredere.
767 2022 846 2073 Come
859 2024 881 2072 si
894 2023 964 2083 vede,
980 2021 1096 2086 significa

642 2092 688 2162 pil
712 2095 755 2144 del
779 2094 901 2160 semplice
926 2100 1022 2159 sponte.
1041 2091 1095 2143 cfr.

645 2178 703 2232 595,
725 2166 784 2231 596.
804 2193 837 2202 —
863 2166 932 2215 Nota
949 2164 1097 2214 l'allittera·

646 2238 727 2298 zione,
741 2253 764 2297 ο,
784 2237 887 2301 meglio,
906 2235 1098 2286 l'omeoteleuto

644 2312 672 2359 in
683 2310 835 2358 lacrumans
848 2324 886 2360 or.
901 2309 938 2357 ob.
949 2308 1008 2357 Fid.
1023 2307 1097 2367 dans,

644 2383 746 2431 iurans.

680 2461 743 2516 473.
761 2467 787 2499 se
805 2451 877 2501 illam
890 2451 916 2499 d.
929 2451 953 2499 d.
968 2449 1023 2501 Cfr.
1037 2461 1097 2513 334.

682 2534 743 2585 474.
766 2523 915 2588 Ignotumst
938 2530 986 2571 tac.
1012 2521 1099 2571 cred:

647 2594 668 2644 si
687 2594 743 2643 noti
761 2592 776 2641 l·
787 2593 967 2643 omeoteleut0.

682 2674 745 2729 475.
779 2665 873 2713 mensis
903 2666 1024 2735 decumus
1054 2670 1099 2722 est,

648 2753 712 2787 sono
729 2751 793 2785 nove
807 2735 878 2784 mesi.
898 2737 920 2785 E
933 2743 995 2783 noto
1014 2734 1061 2783 ebe
1074 2729 1110 2782 lo‘

648 2808 764 2858 scrittore
776 2807 864 2866 latino,
885 2805 988 2872 quando
1006 2805 1039 2855 ad
1061 2806 1100 2854 in·

649 2880 734 2930 dicare
752 2879 777 2927 la
795 2878 885 2927 durata
901 2894 917 2927 o
935 2877 1100 2927 l'estensione

649 2951 692 3001 del
710 2959 798 3014 tempo
817 2949 843 2998 la
865 2965 911 2998 uso
933 2948 976 2999 del
994 2964 1101 2998 numero

650 3021 764 3072 ordinale
777 3022 805 3069 in
817 3020 896 3085 luogo
908 3019 951 3070 del
964 3019 1100 3079 cardinale,

650 3100 772 3158 computa
781 3093 825 3141 nel
834 3107 941 3143 numero
951 3092 1021 3155 degli
1032 3091 1100 3154 anni,

651 3165 684 3214 ad
696 3180 740 3223 es„
759 3164 840 3215 anche
858 3163 874 3212 l'
885 3179 953 3213 anno
971 3163 998 3211 in
1017 3176 1103 3213 corso:

652 3235 751 3286 ricorda
778 3235 803 3283 le
832 3234 986 3300 espressioni
1013 3235 1104 3298 quinto

651 3322 751 3372 quoque
761 3323 839 3365 anno,
853 3307 915 3370 ogni
922 3312 1024 3371 quattro
1034 3304 1103 3364 anni,

652 3380 728 3429 tertio
746 3393 847 3441 quoque
864 3379 948 3435 verbo,
968 3376 1030 3440 ogni
1054 3376 1105 3424 due

652 3449 749 3515 parole,
771 3463 822 3498 ecc.
846 3448 898 3499 Cfr.
920 3447 1013 3507 Gand.
1036 3448 1103 3496 Sint.

653 3522 680 3583 1.,
698 3522 733 3580 Π,
757 3519 814 3579 182.
834 3520 859 3570 6.

688 3591 749 3655 476.
772 3592 823 3641 Ille
847 3594 935 3651 bonus,
963 3590 1107 3656 proceleus·
1135 3629 1139 3635 .

654 3664 756 3713 matico-
774 3662 892 3725 Perille,
910 3662 1040 3729 pirrichlo,
1059 3660 1105 3712 cfr.
