2850 4259
739 302 864 356 140

1515 302 1569 345 Ρ.
1617 300 1887 343 TEREN'H

723 428 935 502 Tacet.
1017 433 1167 502 quor
1212 445 1336 485 non
1378 426 1525 485 ludo
1556 427 1719 487 hunc
1748 426 2222 527 aliquantisper?
2298 429 2491 491 melius
2517 443 2604 506 est,

727 514 1238 591 Quandoquidem
1264 516 1382 575 hoc
1410 533 1742 592 numquam
1779 515 1862 575 mi
1894 522 2021 595 {pse
2047 517 2241 578 uoluit
2264 520 2468 582 dicere.
2502 525 2604 594 640

731 603 835 664 Nil
880 602 1030 663 mshi
1085 605 1457 681 respondes?

1537 606 1663 664 ΑΕ.
1728 607 1869 664 Non
1928 605 2209 682 equidem
2266 607 2413 682 istas,
2471 610 2608 685 quod

734 783 850 841 Mt.
899 783 1009 840 Ita.
1087 786 1229 840 nam
1275 780 1549 855 mirabar,
1600 692 1896 859 {Sigmhic
1943 782 2146 861 negoti
2193 775 2346 845 esset
2386 784 2499 844 tibi.

734 868 986 929 Erubuit
1004 886 1017 928 z

730 1147 915 1217 perche
962 1151 1001 1199 il
1046 1151 1388 1202 monosillabo
1427 1154 1545 1203 kuic
1582 1153 1634 1202 fa

730 1237 932 1287 gruppo
956 1222 1213 1287 giambico
1233 1239 1331 1272 con
1358 1225 1501 1285 Quid
1519 1241 1633 1289 pre-

729 1293 972 1355 cedente3
1026 1294 1115 1343 cfr.
1172 1311 1218 1342 v.
1268 1308 1356 1359 4ο,

722 1364 1007 1429 ρεριιῖἰείίι
1045 1366 1150 1417 cosi
1194 1381 1320 1430 pure
1357 1367 1406 1416 al
1444 1383 1490 1417 v.
1532 1364 1636 1428 788

722 1435 930 1501 pepulit
950 1472 961 1483 .
984 1472 996 1485 .
1022 1473 1032 1485 .
1056 1437 1207 1501 foris
1231 1450 1250 1497 ‚·
1286 1453 1414 1486 sono
1454 1438 1635 1504 quindi

730 1506 858 1555 usati
896 1507 1391 1559 indifferentemente
1439 1510 1455 1558 i
1494 1509 1636 1559 verbi

722 1578 913 1641 pellere
933 1595 960 1627 e
970 1580 1188 1643 pultare
1207 1578 1360 1645 (633)
1381 1580 1435 1629 in
1456 1586 1636 1647 questa

730 1661 877 1697 frase.

799 1719 920 1781 639.
956 1722 1123 1777 Tacet,
1151 1721 1407 1786 pirrichio.
1438 1722 1634 1785 Questo

730 1809 758 1841 e
795 1792 832 1839 il
870 1807 1014 1840 verso
1056 1800 1304 1855 segue-nte
1341 1809 1468 1842 sono
1507 1794 1634 1843 detti

726 1881 758 1909 a
805 1869 963 1927 parte.
1016 1864 1318 1926 —fnelius
1366 1871 1453 1914 est.
1504 1866 1633 1913 Puoi

726 1932 970 1996 tradurre,
1026 1950 1174 1983 senza
1222 1934 1256 1982 1’
1278 1935 1392 1985 idea
1429 1951 1633 2000 compa·

726 2003 898 2063 rativa,
940 2019 1038 2053 con
1080 2025 1102 2049 ι
1133 2020 1238 2053 non
1277 2007 1490 2056 sax-ebbe
1529 2022 1631 2055 ma-

726 2077 776 2125 le
796 2093 838 2134 υ,
866 2095 888 2117 ι
908 2076 1118 2126 sarebbe
1140 2085 1432 2126 veramente
1452 2079 1584 2127 bene
1605 2097 1626 2121 ο

726 2145 805 2205 (es
855 2149 987 2196 wiire
1037 2162 1165 2211 ganz
1220 2154 1327 2211 gut,
1378 2149 1533 2198 rende
1583 2148 1636 2197 lo

726 2215 1028 2282 Dziatzko);
1099 2234 1181 2267 ma
1239 2219 1309 2267 mi
1365 2236 1487 2284 pare
1542 2220 1637 2269 che

730 2289 1040 2337 traducendo
1066 2290 1485 2355 semplieemente
1509 2311 1531 2334 ι
1559 2289 1634 2339 Si·

726 2373 849 2407 curo
884 2376 925 2417 ι,
958 2359 1000 2408 si
1030 2361 1185 2409 reuda
1221 2376 1405 2410 ancora
1444 2362 1635 2425 meglio

726 2429 762 2477 il
802 2436 1052 2490 eoncett0‚
1088 2429 1274 2496 perche
1311 2433 1353 2481 si
1392 2431 1635 2497 esprime-

726 2500 883 2550 rebbe
922 2516 1019 2550 eon
1058 2517 1171 2551 esso
1222 2503 1272 2552 la
1312 2504 1634 2563 risoluzione,

726 2569 778 2617 Ia
812 2572 965 2637 quale
1012 2567 1041 2621 ὲ
1080 2573 1253 2623 effetto
1302 2575 1356 2624 di
1405 2591 1478 2624 un
1526 2591 1635 2623 mo-

730 2650 903 2693 mento
941 2643 1125 2707 fugace
1162 2644 1214 2693 di
1251 2646 1526 2697 esitazione
1552 2646 1637 2696 del

726 2713 948 2773 vecchio,
988 2731 1043 2764 se
1079 2716 1271 2765 doveva
1310 2731 1343 2765 o
1380 2732 1449 2765 no
1486 2733 1633 2782 pren-

726 2784 859 2833 dersi
905 2785 1091 2849 giuoco
1128 2786 1215 2836 d'el
1260 2786 1511 2853 figliuolo.
1552 2790 1635 2838 In-

726 2855 867 2905 tendi
908 2856 960 2904 in
1000 2856 1116 2906 fatti
1153 2860 1335 2908 melius
1372 2866 1542 2908 est=
1568 2876 1633 2907 m.

730 2945 766 2973 e.
806 2927 989 2975 ludere
1026 2944 1182 2992 quam
1222 2947 1327 2979 non
1365 2930 1558 2980 ludere.

799 2996 919 3058 640.
965 3000 1389 3063 Quandoquidem
1442 3017 1528 3066 qq.
1567 3017 1635 3050 ss,

726 3069 924 3133 Questo
951 3084 1056 3118 non
1095 3070 1135 3119 si
1164 3071 1442 3120 accordava
1474 3072 1635 3121 molto

726 3145 1017 3189 veramente
1074 3155 1173 3189 con
1229 3142 1267 3189 il
1322 3142 1531 3191 metodo
1582 3142 1635 3191 di

726 3209 1036 3261 educazione
1093 3211 1146 3260 di
1204 3212 1458 3263 Micionel
1527 3212 1634 3263 Csr.

729 3297 770 3329 v.
815 3290 899 3345 54.

796 3352 919 3413 641.
971 3353 1044 3400 N.
1096 3370 1163 3403 m.
1208 3342 1530 3418 respo'ndesae'
1579 3354 1635 3403 Si

726 3421 835 3473 noti
893 3423 926 3471 1·
946 3424 1226 3473 omissione
1285 3424 1421 3474 della
1477 3425 1632 3491 parti·

726 3492 853 3545 cella
873 3494 1261 3558 interrogativa;
1291 3495 1384 3546 cfr.
1410 3512 1487 3545 vV.
1517 3495 1631 3559 136,

734 3563 845 3627 138,
887 3565 1007 3627 619,
1060 3575 1176 3630 737,
1218 3582 1322 3616 ecc.
1373 3593 1440 3602 -
1492 3568 1632 3631 equi·

722 3637 870 3685 dem.-
932 3636 1024 3685 cfr.
1082 3652 1130 3686 v.
1188 3646 1308 3702 555.
1363 3664 1432 3674 —
1488 3638 1630 3699 istas,

1099 872 1262 929 salua
1307 876 1400 929 res
1449 881 1558 930 est.
1637 873 1766 932 AE.
1817 869 1929 932 Dic
1977 873 2166 946 sodeS,
2221 884 2398 950 pater,

1741 1156 1831 1205 sel.
1884 1156 2084 1219 pepuli,
2141 1152 2253 1205 cioe
2306 1157 2429 1206 istas
2467 1155 2610 1219 foris,

1742 1241 1888 1276 come
1926 1226 1976 1275 al
2002 1242 2047 1275 v.
2076 1226 2179 1290 633
2214 1227 2361 1276 hasce
2386 1244 2471 1293 per
2491 1228 2616 1274 hasce

1409 1312 1512 1346 ecc.
1569 1322 1631 1331 —
1725 1296 1892 1362 foris.
1933 1324 1995 1333 —
2038 1299 2181 1361 quod
2210 1300 2398 1347 sciam:
2449 1299 2532 1347 che
2571 1298 2614 1345 io

1744 1367 1936 1434 sappia.
1970 1368 2195 1418 Eschino
2233 1384 2390 1432 cerea,
2417 1383 2508 1418 con
2531 1384 2615 1417 una

1710 1465 1725 1483 .
1742 1439 1914 1502 bugia,
1942 1440 1993 1488 di
2020 1440 2186 1489 uscire
2224 1439 2344 1489 dall’
2367 1441 2614 1489 imbarazzo

1743 1510 1797 1559 in
1834 1509 1918 1559 cui
1955 1511 1999 1560 si
2036 1517 2194 1561 trova.

1818 1581 1937 1643 642.
1988 1584 2092 1640 Ita,
2141 1581 2325 1631 sicur0.
2375 1581 2476 1631 cfr.
2518 1579 2612 1641 287,

1748 1661 1865 1716 521,
1930 1668 2031 1702 ecc.
2082 1680 2144 1689 —
2207 1670 2330 1701 nam
2381 1654 2614 1701 mirabar:

1744 1720 1930 1788 perche
1986 1724 2057 1772 mi
2115 1725 2485 1789 meravigliava,
2529 1737 2614 1770 non

1743 1795 1972 1859 sapendo
2009 1810 2113 1844 ecc.
2165 1796 2310 1843 Nam
2354 1791 2383 1843 ὲ
2433 1793 2614 1845 ellittico

1743 1881 1772 1915 e
1815 1865 2019 1915 causale
2055 1864 2145 1931 (Ti
2187 1866 2256 1914 ho
2308 1866 2433 1915 satta
2466 1870 2614 1931 questa

1741 1936 2013 1994 domanda,
2065 1932 2362 2002 perche...);
2418 1937 2614 1985 mirabar

1740 2006 1807 2056 ha
1844 2006 1896 2056 lo
1934 2015 2093 2057 stesso
2137 2008 2309 2057 valore
2348 2013 2609 2073 pregnante,

1740 2094 1770 2127 e
1808 2078 1857 2127 la
1894 2085 2053 2128 stessa
2089 2079 2406 2129 costruzione
2429 2080 2515 2127 che
2545 2077 2608 2134 ha,

1739 2167 1788 2215 p.
1823 2165 1909 2208 es„
1937 2149 1992 2198 in
2024 2148 2131 2199 Cic.
2170 2151 2322 2199 Verr.
2353 2164 2399 2210 2,
2430 2160 2504 2214 54,
2533 2160 2614 2215 134

1742 2236 1807 2269 ne
1854 2221 2115 2270 miremini
2160 2237 2265 2285 qua
2318 2223 2510 2271 ratione
2550 2220 2613 2267 hic

1743 2298 1949 2340 tantum
1983 2293 2227 2355 potuerit,
2255 2309 2285 2342 e
2324 2292 2506 2341 altrove
2535 2290 2620 2358 fre-7

1742 2370 2122 2426 quenternente.
2163 2388 2230 2398 —
2278 2364 2413 2427 quid
2441 2363 2513 2410 lzic
2543 2375 2614 2408 ne-

1737 2435 1849 2497 goti
1893 2449 1934 2483 e.
1974 2441 2026 2490 t„
2066 2433 2160 2483 che
2210 2450 2332 2483 cosa
2379 2430 2525 2482 avessi
2569 2437 2614 2479 tu

1742 2503 1808 2551 da
1845 2503 1951 2553 fare
1992 2519 2090 2553 con
2142 2513 2326 2569 questa
2363 2499 2509 2561 casa?
2538 2502 2612 2551 cfr.

1742 2575 1918 2626 Andr.
1969 2573 2071 2636 849
2111 2576 2289 2624 Etiam
2338 2583 2397 2625 tu
2439 2575 2519 2622 Ιιοι·
2549 2588 2615 2621 re·

1741 2646 1972 2709 spondes.
2013 2647 2147 2710 quid
2183 2648 2300 2695 istic
2337 2646 2488 2710 (nella
2518 2659 2616 2692 casa

1743 2715 1796 2763 di
1864 2715 2178 2782 Glycerium)
2238 2719 2334 2766 tibi
2389 2717 2616 2781 negotist?
2676 2768 2683 2780 ·

1743 2787 1877 2850 quid
1905 2787 1987 2835 hic
2024 2783 2051 2835 ὲ
2090 2802 2161 2836 un
2198 2787 2454 2853 pirrichiO.

1814 2856 1933 2920 643.
1965 2859 2228 2908 Erubuit:
2269 2860 2416 2908 salua
2441 2873 2516 2906 res
2540 2862 2613 2905 est.

1741 2926 1846 2976 cfr.
1896 2928 1951 2976 di
1999 2929 2286 2979 Menandro
2322 2930 2361 2978 il
2405 2930 2491 2993 frg.
2526 2926 2611 2991 361

1740 2996 1954 3064 (Kock),
1981 3000 2122 3064 negli
2147 2996 2474 3063 Ὁμοπάτριοι
2492 3016 2507 3046 .·
2530 2999 2616 3051 πᾶς

1743 3066 2015 3134 ἐρυθριῶν
2074 3066 2304 3135 χρηστὸς
2362 3066 2488 3120 εἶναι’
2540 3083 2615 3131 μοι

1742 3136 1905 3199 δοκεῖ,
1945 3157 1975 3192 e
2017 3141 2056 3191 il
2095 3141 2194 3205 frg.
2233 3142 2336 3191 ine.
2380 3154 2502 3203 1090
2537 3138 2617 3204 (at-

1740 3211 1951 3261 tribuito
2001 3213 2163 3263 anche
2214 3229 2246 3262 a
2293 3210 2616 3270 Difi10;vedi

1740 3281 1907 3342 Kock,
1942 3282 2122 3333 Comic.
2156 3285 2298 3335 attic.
2321 3283 2537 3349 fragm„
2563 3281 2614 3339 11,

1739 3369 1799 3439 p.
1847 3354 1973 3417 579)
2021 3351 2080 3409 ὃς
2129 3349 2182 3404 δ’
2231 3351 2345 3403 οὔτ’
2385 3350 2616 3418 ἐρυθριᾶν

1739 3418 1880 3473 οἶδεν
1917 3421 2038 3474 οὔτε
2062 3422 2288 3475 δεδιέναι
2319 3425 2328 3489 Ι
2361 3421 2420 3474 τὰ
2453 3426 2615 3489 πρῶτα

1737 3491 1911 3559 πάσης
1955 3498 2045 3561 τῆς
2095 3492 2360 3552 ἀναιδείας
2395 3492 2512 3560 ἔχει.
2555 3494 2614 3543 Le

1737 3566 1914 3631 parole
1961 3583 2091 3616 sono
2139 3568 2278 3619 dette
2321 3585 2351 3617 a
2397 3573 2532 3633 parte
2562 3565 2614 3612 da

1737 3637 1980 3703 Micione,
2008 3638 2046 3687 il
2083 3639 2236 3705 quale
2275 3635 2305 3688 ὲ
2341 3637 2615 3688 soddisfatto

2738 1024 2744 1133 1
