2850 4259
512 274 679 321 memnon
1035 277 1075 341 79

124 405 221 480 Atque
238 403 410 492 hnicflmalo
441 403 566 464 salntem
593 416 746 482 quaerant,
780 403 870 466 anxili
895 402 971 465 nihil
998 403 1078 464 adfe-

561 505 629 554 rant
1036 514 1077 553 oo

72 571 75 576 ⁴
124 581 212 657 Quod
242 580 376 660 mihique
407 601 535 660 eraeque
564 543 704 660 fssia'eque
739 582 840 645 erssist.
879 602 935 644 uae
968 514 1077 643 mileto

347 693 350 697 ·
561 671 655 733 mihil

124 760 181 820 Tot
202 765 249 820 res
278 770 402 853 repente
432 764 657 824 circumuallant
686 781 727 838 se,
760 763 841 823 rinde
860 736 986 839 ¹emergi
1016 769 1080 821 non

564 861 683 931 potest:

123 1062 178 1122 tivo,
191 1077 206 1110 e
224 1061 309 1111 indica
322 1078 357 1112 un
370 1070 490 1129 rapporto
503 1064 571 1115 della

122 1133 296 1198 proposizione
327 1135 490 1185 subordinata
520 1136 571 1185 alla

123 1204 261 1269 principale
280 1206 374 1270 uguale
392 1223 407 1254 a
420 1208 507 1271 quello
523 1209 569 1259 che

122 1275 194 1325 vnole
206 1291 289 1325 essere
302 1293 416 1341 espresso
430 1295 476 1342 per
486 1296 570 1329 mezzo

123 1345 332 1396 dell’accusativo.
343 1346 395 1397 cfr.
404 1348 521 1411 Cocchia,
531 1352 571 1400 La

123 1416 233 1467 Sintassi
243 1419 288 1469 lat.
298 1435 349 1469 ecc.
361 1418 378 1485 ξ
392 1421 454 1483 169;
469 1423 570 1487 Zumpt,

122 1487 177 1537 Lat.
200 1487 283 1555 (ἰωῇ
297 1492 356 1553 627.
377 1491 403 1541 Si
416 1493 470 1541 noti
484 1494 530 1543 che
543 1494 570 1543 in

123 1575 155 1607 nn
173 1560 328 1611 frammento
347 1563 388 1612 del
407 1564 515 1613 Fretum
535 1573 572 1614 at·

123 1631 224 1681 tribuito
244 1650 259 1681 a
276 1635 369 1683 Plauto
388 1632 466 1700 (Gell.
481 1637 517 1685 N.
538 1640 571 1686 A.

123 1713 145 1763 3,
163 1715 187 1765 3,
209 1701 237 1767 8)
256 1705 277 1753 si
303 1706 378 1770 legge
399 1722 463 1771 pure
491 1709 573 1758 Nune

123 1773 189 1822 illud
204 1784 249 1834 est,
270 1779 346 1838 quod,
366 1778 478 1827 secondo
500 1779 510 1827 i
531 1795 573 1829 co-

122 1843 176 1895 dici.
196 1845 250 1895 cfr.
271 1847 312 1897 del
331 1856 398 1898 resto
417 1849 503 1914 l'App.
517 1852 570 1901 crit.

124 1941 154 1951 -
173 1934 258 1966 omnes
277 1921 371 1968 emeda.
396 1921 445 1969 Per
466 1921 573 1971 l’adno-

123 1989 226 2038 minatio
254 1990 298 2039 cfr.
322 1991 330 2038 i
352 2008 390 2038 vv.
417 2001 448 2054 57
474 2007 572 2058 e990;

122 2060 180 2107 Ilec.
200 2059 270 2122 8673
295 2063 380 2112 Andr.
401 2062 448 2121 96;
473 2080 522 2115 ecc.
548 2066 572 2116 Il

124 2139 237 2180 concetto
248 2128 261 2180 ὲ
273 2148 345 2181 come
359 2134 495 2184 rinlorzato
505 2136 572 2185 dalla

122 2205 303 2265 paronomasia.
324 2203 377 2255 Cfr.
397 2222 442 2269 per
465 2207 483 2255 il
508 2225 571 2272 pen·

122 2273 183 2322 siero
202 2274 221 2323 il
241 2291 263 2325 v.
285 2286 344 2340 273.
372 2302 405 2311 -·
430 2276 453 2326 ll
482 2280 572 2344 quinto

121 2345 193 2409 piede
209 2347 236 2394 di
252 2355 342 2413 questo
354 2363 426 2397 verso
440 2346 453 2396 ὲ
467 2364 502 2398 un
515 2367 571 2415 pro·

122 2416 306 2477 celeusmatioo,
321 2434 337 2467 o
351 2434 385 2466 un
401 2429 531 2485 anapesto,
545 2438 572 2471 se

121 2488 140 2535 si
158 2491 284 2539 consideri
303 2507 351 2538 sua
368 2506 466 2541 monos.
480 2509 526 2557 per
539 2493 572 2542 si·

121 2560 202 2610 nizesi.
222 2562 275 2611 Cfr.
295 2564 362 2626 App.
382 2563 436 2613 crit.

154 2645 213 2695 300.
225 2635 312 2683 auxili
318 2651 327 2693 ,·
347 2634 505 2685 cfr.·Didasc.
516 2636 532 2685 l.
551 2650 571 2685 1.

122 2702 147 2751 Si
166 2706 220 2754 noti
244 2706 271 2753 in
298 2706 362 2756 oltre
390 2707 437 2756 che
461 2707 572 2770 Virgilio

121 2789 163 2824 usa
182 2775 207 2825 la
227 2777 311 2836 forma
333 2778 360 2825 in
385 2780 406 2826 ii
429 2793 480 2826 una
504 2779 573 2827 volta

120 2846 171 2895 sola
183 2845 263 2912 (Aen.
274 2861 297 2911 3,
309 2860 359 2910 702
363 2847 463 2914 fluvit),
475 2857 573 2899 mentre

121 2915 209 2967 Orazio
222 2921 282 2969 mai.
293 2920 332 2969 Fu
345 2919 363 2969 il
377 2921 460 2984 primo
470 2921 570 2979 Ovidio,

120 3004 163 3051 per
175 2991 276 3054 ragioni
289 2991 418 3050 metriche,
433 3009 447 3040 a
459 2992 512 3041 fare
525 3008 572 3041 uso

119 3058 185 3109 della
201 3061 284 3111 forma
296 3063 382 3126 lunga,
396 3063 443 3112 che
456 3064 501 3129 poi
514 3079 572 3129 pre-

119 3131 185 3181 valse
204 3131 309 3183 nell‘ett
328 3134 468 3199 imperiale.

154 3216 214 3266 301.
234 3206 304 3253 mihi.
318 3205 384 3256 Geta
397 3222 439 3254 era
451 3221 487 3255 un
500 3221 571 3254 servo

121 3274 198 3323 molto
220 3276 370 3327 affezionato
392 3277 416 3326 ai
441 3277 497 3326 suoi
526 3293 570 3341 pa-

122 3344 208 3395 dronil
232 3373 264 3383 —
285 3365 359 3412 que...
379 3365 452 3412 que...
473 3364 529 3412 que.
548 3347 571 3396 Il

121 3417 281 3479 polisindeto,
292 3419 426 3485 frequente
437 3420 479 3468 nei
493 3420 569 3483 poeti,

122 3481 360 3555 efrequentissimo
384 3491 411 3539 in
436 3491 570 3540 Terenzio.

626 1075 655 1127 7;
675 1080 726 1115 ecc.
746 1092 779 1100 —
796 1065 867 1126 filias
882 1062 942 1135 erili
958 1079 995 1107 =
1011 1064 1081 1122 filiae

625 1152 689 1195 rrae,
701 1131 757 1184 cine
770 1135 875 1185 Pantila.
885 1137 908 1185 E
920 1136 1080 1201 espressione

625 1207 758 1271 frequente
768 1208 810 1257 nei
817 1206 929 1269 Comici;
940 1207 984 1257 cfr.
993 1208 1079 1258 Andr.

625 1279 676 1327 602
691 1279 776 1327 erilem
779 1279 869 1342 filium
876 1278 974 1342 (donde
984 1279 1005 1327 si
1016 1280 1079 1329 vede

626 1365 676 1399 una
695 1350 793 1399 diversa
815 1350 985 1414 disposizione
1011 1350 1079 1400 delle

625 1418 738 1487 parole);
760 1422 832 1470 Eun.
853 1420 917 1484 2893
937 1437 989 1471 ecc.

660 1505 721 1556 302.
741 1493 944 1542 circumuallare
966 1509 999 1541 se.
1024 1493 1079 1541 Do-

626 1572 699 1613 nato:
710 1563 910 1613 Circumvallant
920 1581 946 1613 se
957 1564 1023 1613 circa
1033 1580 1080 1614 nos

626 1642 651 1685 et
670 1636 766 1699 stipant
781 1636 938 1685 seinvicem.
951 1636 1018 1683 Nam
1031 1636 1078 1684 cir·

626 1706 810 1756 cumvallamus
829 1722 876 1754 nos
901 1715 925 1756 et
952 1707 1023 1755 alios.
1048 1708 1080 1758 In

627 1786 718 1844 questo
737 1793 809 1826 verso
828 1777 850 1825 si
870 1779 987 1827 contiene
1006 1779 1080 1843 quasi

626 1849 652 1897 lo
663 1856 743 1898 stesso
756 1851 829 1897 senso
840 1848 943 1897 traslato
952 1849 979 1897 di
989 1849 1080 1898 Plauto

629 1921 700 1983 Cept.
728 1929 794 1983 254:
818 1922 861 1968 Ita
881 1921 975 1968 uinclis
999 1928 1079 1969 custe-

627 1993 726 2055 de'isque
754 1992 958 2039 cireummoeniti
981 2008 1079 2040 sumus.

626 2063 755 2111 Traduci:
783 2082 795 2106 ι
817 2062 838 2109 si
863 2078 946 2110 vanno
965 2078 1079 2112 ammuc·

626 2134 735 2182 chiando
749 2134 850 2181 intorno
862 2153 885 2192 ι,
899 2148 947 2181 con
958 2134 1080 2182 metatora

626 2220 691 2269 poco
710 2205 817 2254 diversa.
845 2231 875 2239 -
902 2207 1003 2269 emergi,
1023 2222 1080 2269 pas·

626 2277 679 2327 sivo
705 2277 736 2324 ed
766 2275 944 2339 impersonale.
977 2276 1080 2338 Quanto

626 2348 675 2396 alla
694 2348 825 2396 vicinanza
844 2347 912 2395 delle
930 2347 980 2396 due
1001 2355 1080 2397 meta·

627 2419 688 2476 sore,
702 2419 749 2467 che
767 2434 819 2466 non
835 2418 856 2465 si
869 2418 1078 2483 corrispondon0‚

626 2490 668 2539 del
688 2490 887 2538 circumuallare
908 2509 943 2530 =
973 2510 985 2533 ι
1008 2489 1078 2538 bloc-

627 2577 683 2610 care
705 2580 728 2619 υ,
748 2577 761 2610 e
781 2560 839 2609 dell’
852 2562 946 2624 emergi
963 2580 998 2599 =
1019 2580 1031 2603 ι
1052 2576 1080 2609 ιι·

626 2632 696 2691 scire,
717 2648 847 2696 scampare
865 2631 933 2680 dalle
955 2646 1036 2696 acque
1056 2650 1079 2691 ι,

626 2704 653 2751 lo
671 2702 777 2752 Sloman
797 2703 821 2750 la
843 2702 967 2751 vorrebbe
996 2703 1079 2752 inten-

626 2774 724 2824 zionale
744 2775 770 2822 in
788 2775 867 2822 bocca
886 2772 954 2821 dello
979 2774 1081 2822 schiavo

626 2846 714 2894 traeio.
733 2846 778 2893 Ma
796 2841 867 2909 epil
880 2844 1013 2909 probabile
1027 2861 1080 2894 cre-

626 2917 686 2966 dere
704 2916 751 2965 che
770 2918 865 2980 emergi
881 2915 957 2964 abbia
981 2917 1026 2980 qui
1044 2933 1080 2965 un

626 2986 769 3051 significato
787 2985 831 3052 pit
851 2994 933 3036 esteso
962 2987 1005 3036 del
1029 2988 1080 3052 pri-

627 3060 724 3122 mitivo,
744 3074 816 3107 come
843 3058 956 3117 sarebbe‚
979 3058 1010 3106 ad
1036 3074 1081 3119 es,

610 3130 755 3180 'dell'uscir
773 3129 839 3178 fuori
858 3130 890 3177 da
910 3144 944 3177 un
958 3129 1079 3193 pericolo‚

626 3201 686 3266 qual
696 3202 743 3250 che
754 3216 810 3249 esso
820 3200 866 3249 sia.
878 3201 921 3250 Gli
931 3201 1028 3264 esempi
1038 3202 1081 3249 ab·

626 3272 746 3321 bondano
757 3273 837 3322 anche
850 3272 918 3321 nella
928 3287 1003 3336 prosa
1014 3272 1078 3321 clas·

625 3344 684 3394 sica.
714 3342 766 3392 Cfr.
795 3345 881 3393 Andr.
908 3342 978 3406 5623
1006 3344 1080 3392 Eun.

626 3424 684 3480 555,
696 3429 763 3476 ecc.;
776 3413 829 3462 Cic.
843 3415 906 3464 Sest.
919 3431 944 3478 9,
956 3427 1003 3473 203
1022 3414 1080 3463 Vat.

626 3486 839 3549 7‚17;adAtt.
860 3484 1079 3549 5,8,1;ecc.-

122 3555 172 3607 Cfr.
191 3577 214 3610 v.
236 3560 282 3623 64;
303 3563 389 3612 Andr.
412 3561 478 3624 6763
497 3563 568 3609 Eun.
621 3565 715 3621 potest,
723 3557 980 3628 impersonale,come
991 3572 1080 3622 spesso

123 3626 186 3691 87⁶3
198 3632 352 3696 Pher.1051
366 3650 372 3693 ;
385 3633 467 3683 Plaut.
476 3633 569 3696 Amph.

626 3627 653 3676 in
671 3628 806 3678 Terenzio.
