2850 4259
1035 305 1370 349 ADELPHOE
2077 311 2107 349 2
2120 308 2149 366 7

267 432 454 492 Studet
493 438 598 508 par
642 433 882 505 referre,
930 438 1210 509 praesens
1255 433 1595 508 absensque
1642 432 1807 492 idem
1855 431 1986 493 erit.

267 523 389 581 Hoc
427 518 1004 598 patriumst,’potius
1047 523 1466 582 consuefacere
1513 520 1703 581 filium

267 611 369 670 Sua
408 618 615 686 sponte
660 619 823 670 recte
870 611 1064 670 facere
1109 630 1290 688 quarn
1337 610 1535 671 alieno
1579 620 1744 671 metu
1777 628 1789 670 ε
2077 628 2148 684 ῖς,

265 700 386 760 Hoc
424 706 589 776 pater
633 718 705 759 ac
751 696 1033 759 dominus
1078 705 1360 760 interest:
1437 702 1555 761 hoc
1600 707 1704 778 qui
1748 696 1973 776 nequit,
2061 742 2063 746 r

259 1036 335 1085 per
366 1020 468 1079 illo,
507 1033 611 1068 ecc.
651 1045 718 1055 —
757 1016 1052 1085 benefici(0),
1090 1034 1142 1068 e-

259 1091 436 1156 sempio
454 1090 506 1139 di
526 1090 984 1156 proceleusmatico
1005 1089 1143 1139 nella

242 1162 459 1212 §econda
494 1163 616 1212 sede
640 1162 727 1212 del
751 1162 952 1212 senario
981 1161 1141 1226 giam·

256 1233 372 1283 bico.
411 1234 604 1296 Questo
629 1233 797 1299 piede,
836 1249 926 1298 per
963 1233 1014 1282 la
1051 1248 1143 1280 sua

256 1304 528 1368 lunghezza,
567 1304 622 1353 in
659 1304 899 1369 generale
937 1319 1142 1353 occorre

261 1376 381 1424 nella
403 1376 567 1441 prima
590 1377 712 1426 sede
737 1376 822 1425 del
847 1389 1019 1431 verso;
1058 1391 1142 1422 ma

257 1462 349 1495 non
383 1462 506 1495 sono
543 1463 635 1512 per
661 1446 791 1497 altro
827 1446 1141 1511 infrequenti

255 1517 272 1565 i
302 1517 411 1576 casi,
447 1519 501 1566 in
545 1518 628 1566 eui
676 1518 863 1567 ricorra
910 1518 994 1585 in¹
1015 1516 1142 1566 altre

256 1589 351 1638 sedi
376 1586 500 1653 (Cfr.
539 1589 603 1638 ad
639 1606 706 1638 es·
734 1605 781 1638 v·
823 1586 930 1653 29).
971 1588 1014 1638 E
1051 1603 1143 1653 per

261 1669 422 1724 questa
456 1658 738 1724 generalita
785 1660 998 1709 tuttavia
1048 1659 1140 1708 che

258 1730 324 1794 gli
356 1730 532 1781 editori
568 1731 622 1780 di
659 1731 811 1780 solito
838 1745 1049 1781 cercano
1088 1731 1141 1778 di

258 1801 463 1862 evitar10,
490 1818 636 1852 come
662 1809 892 1869 appunto
913 1802 1020 1867 qui,
1047 1801 1140 1849 mi-

257 1874 457 1922 surando
492 1874 543 1922 13
579 1873 757 1940 pax-ola
806 1873 1038 1938 beneficio
1089 1872 1141 1920 di

256 1951 438 2008 quattro
459 1945 638 1994 sillabe
658 1961 757 1994 con
777 1944 984 2009 sincope
1004 1943 1140 1993 della

254 2016 456 2064 seconda
493 2033 531 2064 e.
582 2016 662 2064 Lo
705 2016 932 2081 Spengel
981 2015 1140 2064 scrive

255 2101 280 2132 a
314 2087 536 2136 dirittura
573 2087 798 2148 benficiO,
847 2104 874 2135 e
926 2085 1031 2136 cosi
1069 2086 1138 2135 al-

256 2162 379 2206 trove
413 2159 707 2218 malficium,
754 2157 1004 2221 benfacio,
1055 2174 1137 2204 av-

253 2230 474 2278 vertendo
513 2227 756 2294 (Andr.2,
805 2244 849 2278 v.
892 2226 1019 2293 824)
1046 2229 1139 2278 che

253 2308 414 2362 queste
453 2299 616 2348 forme
666 2306 1052 2364 apparteng‘ono
1091 2300 1140 2347 al

250 2369 534 2435 linguaggio
555 2371 814 2436 popolare,
837 2387 865 2420 e
892 2371 986 2420 che
1011 2386 1138 2419 sono

252 2448 366 2491 state
401 2443 649 2492 restituite
687 2442 741 2490 in
774 2442 919 2491 molti
957 2442 1136 2506 luoghi

251 2511 297 2560 di
328 2513 504 2563 Plauto
543 2530 569 2562 e
607 2513 872 2576 Terenzio,
901 2530 992 2579 per
1017 2529 1138 2562 ana-

251 2581 375 2648 logia
409 2584 543 2634 delle
569 2583 734 2633 forme
773 2584 1138 2633 tramandateci

250 2652 370 2704 dalle
405 2655 655 2704 iscrizioni
693 2656 992 2714 benuentod,
1021 2657 1136 2703 ben-

247 2726 460 2786 meritus,
477 2727 800 2786 benmerenti,
820 2726 1133 2775 maldictum.

251 2794 345 2846 Cfr.
381 2798 538 2846 anche
573 2796 788 2856 Ritschl,
835 2797 1017 2861 Opusc.
1066 2797 1133 2860 ΙΙ,

247 2882 292 2930 Ρ.
328 2868 425 2929 716
462 2883 566 2932 seg.
618 2869 706 2917 Ma
748 2864 777 2915 ὲ
814 2883 887 2916 un
936 2867 1133 2932 ripiego

248 2952 342 2986 non
399 2939 695 2998 necessario,
761 2939 966 3004 quando
1027 2955 1134 2988 non

248 3009 393 3059 anche
435 3011 685 3068 scabroso,
732 3011 781 3058 al
837 3025 989 3059 meno
1041 3027 1132 3075 per

246 3078 495 3130 Terenzio.
523 3080 628 3130 Cfr.
649 3080 1128 3140 Dziatzko-Hauler,

247 3150 491 3213 Phormio,
513 3152 647 3201 Einl.
670 3169 720 3218 p.
743 3166 826 3216 39.
847 3152 949 3202 Del
979 3159 1128 3212 resto,

247 3235 273 3268 a
294 3222 451 3272 volere
479 3223 667 3273 evitare
693 3223 731 3271 il
756 3224 1130 3289 proceleusma-

248 3291 352 3352 tic0,
376 3291 461 3342 δὲ
487 3294 568 3343 chi
597 3294 846 3359 consiglia
869 3292 1128 3359 (Sloman)

246 3362 292 3410 di
343 3365 581 3415 misurare
634 3365 798 3430 benef.
857 3381 1002 3416 come
1057 3382 1130 3414 un

247 3433 461 3494 tribraoe,
524 3437 939 3486 considerandosi
1006 3433 1128 3502 pero

246 3505 308 3552 -io
343 3505 489 3558 finale
537 3508 591 3557 di
642 3524 743 3557 una
790 3508 985 3566 sillaba,
1037 3524 1130 3572 per

246 3575 444 3628 sinizesi.
483 3605 549 3614 —
589 3596 652 3628 ex
675 3579 864 3639 animo,
896 3600 920 3624 α
951 3578 1128 3628 volen-

246 3646 363 3712 tieri,
400 3650 451 3699 di
487 3666 640 3701 cuore
670 3670 716 3710 ι,
754 3656 975 3716 opposto
1013 3667 1042 3699 a
1068 3652 1127 3699 de

1249 1020 1535 1079 industria,
1574 1020 1752 1068 Andr.
1779 1028 1917 1083 795;
1959 1013 1987 1066 ὲ
2024 1016 2152 1065 frast:

1251 1091 1345 1140 che
1381 1090 1569 1141 ricorre
1606 1090 1767 1140 anche
1797 1090 1854 1138 in
1890 1089 2148 1138 Cicerone,

1324 1172 1408 1225 73.
1448 1162 1650 1222 Studet,
1688 1176 1786 1209 eon
1823 1160 1874 1210 13
1911 1177 1935 1209 e
1984 1161 2152 1220 brev&

1250 1251 1342 1299 per
1373 1233 1422 1282 13
1447 1233 1599 1298 legge
1626 1232 1761 1282 delle
1791 1231 1966 1297 parole
1990 1231 2152 1296 giam-

1249 1305 1414 1356 biche.
1458 1331 1521 1340 —-
1566 1313 1675 1369 par
1722 1304 1925 1367 referre
1975 1325 2043 1344 =
2088 1304 2151 1350 ri-

1250 1375 1612 1426 cambiartene.
1676 1373 1782 1424 Cfr.
1839 1375 1984 1422 Eun.
2046 1384 2148 1436 445

1249 1449 1361 1496 Par
1396 1455 1495 1512 pro
1513 1447 1643 1512 pari
1663 1445 1873 1510 referto.
1900 1445 1948 1492 A
1973 1454 2152 1510 questu

1248 1518 1408 1582 luogo
1466 1517 1692 1568 riferisce
1740 1515 1777 1564 il
1824 1515 2066 1566 Meineke
2120 1516 2148 1564 ἱ]

1250 1589 1557 1639 frammento
1606 1589 1659 1637 di
1708 1587 1991 1636 Menandro
2041 1584 2148 1636 Ῠῖεῆ

1247 1658 1545 1724 προθύμως
1600 1655 1937 1722 τάξιούμενον
1984 1660 2152 1706 ποιῶν

1247 1730 1515 1796 Κηδεμόν’
1535 1727 1773 1795 ἀληθῶς,
1800 1726 1902 1778 οὐκ
1924 1725 2152 1792 ἔφεδρον-

1247 1800 1378 1862 ἔξεις
1403 1800 1541 1868 βίου,
1564 1803 1657 1852 che
1684 1802 1734 1850 lo
1758 1800 1887 1850 Ihne
1913 1817 2004 1865 per
2022 1800 2148 1848 altro

1248 1875 1474 1925 riferisce
1513 1873 1717 1922 altrove.
1767 1871 1873 1920 Cfr.
1912 1871 2148 1932 Nencinir

1247 1962 1330 2012 op.
1372 1947 1455 1995 cit.
1497 1960 1613 2010 pag.
1660 1944 1774 2006 136.

1321 2027 1403 2079 74.
1447 2017 1678 2080 patrius,
1735 2015 1829 2063 che
1883 2020 2048 2078 spetta
2104 2016 2144 2060 nl

1246 2089 1402 2153 padre
1422 2103 1568 2137 come
1585 2094 1740 2150 pater
1748 2085 1997 2149 familias
2010 2102 2032 2142 ,·
2052 2092 2144 2148 pm

1247 2168 1444 2215 ternus,
1486 2155 1564 2207 cio
1603 2158 1695 2206 che
1731 2157 1783 2205 la
1813 2171 2032 2220 persona
2066 2156 2144 2204 tle}

1246 2231 1402 2295 padre
1440 2231 1521 2286 ha,
1562 2244 1592 2277 o
1630 2229 1724 2278 che
1768 2227 1833 2276 da
1883 2242 1995 2275 esso
2033 2244 2148 2291 pro-

1245 2301 1407 2352 viene.
1454 2300 1559 2349 Cfr.
1613 2315 1658 2349 v.
1709 2308 1815 2363 450
1865 2297 1969 2346 Pol
2014 2299 2156 2348 kasm‘

1234 2380 1523 2436 paternum
1560 2372 1692 2421 istuc
1718 2370 1914 2418 dedisti.
1956 2369 2144 2431 Questn

1245 2443 1516 2493 differenza
1553 2438 1581 2491 ὲ
1606 2442 1869 2506 rispettata
1899 2440 2059 2488 anche
2084 2440 2148 2488 zizi

1246 2513 1509 2573 Cicerone,
1539 2513 1577 2561 il
1610 2512 1760 2578 quale
1786 2512 1899 2560 dice
1924 2512 2144 2559 auctori-

1247 2592 1324 2633 tas
1354 2586 1559 2649 patria,
1586 2585 1772 2649 patria
1788 2588 2035 2647 potestas,
2066 2600 2148 2628 nm

1234 2658 1457 2720 praedia
1480 2663 1724 2720 paterna,
1745 2661 2000 2718 paternae
2029 2660 2144 2717 pns-

1241 2727 1502 2784 sessiones‚
1542 2741 1643 2776 ecc.

1316 2807 1399 2862 75.
1428 2798 1537 2846 Sua
1563 2812 1759 2846 monos
1800 2812 1892 2862 per
1928 2795 2144 2844 sinizesi.

1243 2893 1307 2904 --
1347 2870 1516 2917 alieno
1554 2876 1629 2917 sta
1668 2884 1759 2932 per
1784 2868 1821 2915 il
1859 2867 2018 2932 genit.
2057 2884 2144 2928 og-

1239 2945 1342 3003 get.
1381 2941 1623 3003 aliorum,
1662 2940 1896 2988 alterius.

1311 3010 1396 3072 76.
1438 3011 1551 3060 Hoc
1589 3006 1616 3058 ὲ
1667 3009 1806 3069 abl.;
1853 3011 2067 3059 interest
2116 3004 2140 3056 ἦ

1238 3082 1487 3130 costruito
1525 3081 1954 3147 personalmente,
1998 3097 2140 3129 corne

1237 3154 1292 3202 in
1331 3155 1476 3202 Eun.
1519 3165 1621 3215 232
1660 3169 1767 3216 seg.
1802 3153 1961 3202 stulto
1998 3153 2144 3200 intsf=

1236 3225 1404 3289 legens
1454 3223 1593 3284 Quid
1641 3224 1903 3273 interest)
1950 3224 2140 3272 Trai-L:

1234 3294 1290 3343 in
1327 3291 1407 3343 cio
1448 3296 1491 3344 si
1528 3295 1787 3358 distingue
1815 3294 1852 3343 il
1879 3295 2034 3360 padre
2060 3296 2140 3340 dat

1235 3366 1479 3432 padrone.
1530 3364 1632 3415 Cfr.
1673 3382 1718 3414 v.
1772 3368 1855 3427 69,
1908 3365 2008 3415 alla
2057 3380 2140 3430 pa-

1235 3437 1344 3486 rola
1381 3437 1545 3486 Malo.
1586 3463 1653 3472 --
1692 3439 1785 3501 qui
1819 3437 2013 3501 nequit,
2054 3436 2140 3484 sel.

1217 3508 1421 3572 facere.
1461 3508 1687 3558 Micione
1723 3509 1789 3557 ha
1812 3509 1867 3556 in
1906 3515 2076 3557 mente
2104 3508 2136 3556 i]

1235 3578 1453 3629 frate110.
1493 3579 1560 3628 Al
1616 3595 1661 3629 v.
1721 3578 1787 3642 78
1837 3579 1941 3643 egli
1999 3576 2136 3628 dini:

1235 3650 1341 3700 Sed
1371 3659 1511 3701 estne
1546 3652 1626 3700 hic
1662 3652 1808 3715 ipsus
1847 3651 1906 3699 de
1950 3666 2050 3714 quo
2088 3668 2140 3696 w
