2850 4259
1021 283 1354 328 ADELPHOE
2062 281 2137 344 ²5

256 411 463 468 Vestitu
505 405 689 472 nimio
733 405 1046 484 indulges:
1124 404 1374 466 nimium
1420 403 1661 483 ineptus
1711 407 1815 466 es.'

255 496 495 579 Nimium
539 506 726 575 ipsest
752 497 952 582 durus
996 503 1229 575 praeter
1273 513 1653 572 aequomque
1705 499 1764 555 et
1812 497 2087 556 bonum:

253 588 317 646 Et
356 592 498 646 errat
536 589 714 664 longe
760 593 895 646 mea
939 585 1183 663 quidem
1232 582 1545 657 sententia,
2057 587 2132 660 65

253 674 354 750 Qui
394 675 680 754 inperium
727 676 932 736 eredat
975 674 1212 753 grauius
1258 693 1387 734 esse
1432 683 1536 734 aut
1584 670 1868 746 stabilius,

253 762 317 822 Vi
357 766 514 842 quod
558 767 642 839 fit,
693 784 873 842 quam
918 763 1068 824 illud
1115 764 1280 842 quod
1325 761 1588 823 amicitia
1634 760 1995 840 adiungitur.

307 1065 384 1129 63.
457 1067 656 1115 Vestitu
676 1101 692 1126 ,
762 1065 950 1116 dativo,
1025 1064 1132 1117 Cfr.

249 1137 418 1186 Heaut.
470 1147 573 1202 357
625 1137 908 1202 neglectust
940 1159 1009 1178 ==
1048 1153 1133 1186 ne·

246 1209 391 1272 glectu
427 1205 578 1274 (dat.)
614 1215 719 1266 est,·
770 1207 809 1256 il
857 1209 1030 1258 Bemb.
1067 1209 1134 1257 ha

249 1279 387 1329 anche
423 1281 477 1328 in
512 1281 706 1329 Heaut.
748 1278 850 1342 639
889 1295 998 1328 anu
1035 1279 1129 1328 illi.

248 1350 333 1399 Del
368 1358 496 1401 resto
536 1356 716 1416 questa
753 1351 916 1400 forma
952 1350 1005 1398 di
1029 1351 1131 1400 dat.

248 1421 292 1468 in
324 1440 356 1470 u
390 1439 479 1487 per
527 1424 586 1471 ui
627 1421 814 1472 ricorre
868 1423 1028 1471 anche
1077 1422 1132 1470 in

247 1491 482 1553 Lucrezi0,
547 1493 785 1557 Virgilio,
863 1492 1130 1552 Cicerone,

250 1562 411 1614 Cesare
447 1563 562 1630 (che
589 1565 812 1614 secondo
839 1564 1009 1623 Gellio
1037 1561 1131 1613 uso

249 1636 644 1685 esclusivamente
682 1636 732 1684 la
770 1636 934 1685 forma
959 1636 1013 1684 in
1050 1633 1129 1700 u),

245 1723 268 1755 e
300 1707 348 1755 in
383 1708 495 1758 altri
532 1708 753 1756 scrittori
778 1707 992 1757 classici.
1021 1707 1129 1755 Cfr.

247 1778 411 1839 Gellio,
447 1780 523 1830 N.
565 1781 628 1827 A.
666 1792 716 1839 4,
751 1779 831 1841 16,
862 1789 906 1841 5.
934 1778 1127 1830 Trad.:

247 1848 317 1898 Gli
367 1850 445 1899 dai
508 1856 692 1916 troppo
756 1851 921 1900 libero
983 1865 1127 1899 corso

246 1928 417 1985 quanto
454 1921 571 1973 aL...

305 1992 378 2053 64.
415 1994 583 2042 durus
619 2013 691 2034 =
717 2008 906 2052 sever0,
945 1993 1127 2058 rigido,

241 2077 368 2112 come
414 2064 462 2113 al
516 2081 562 2113 v.
623 2063 763 2128 8593
827 2064 917 2112 cfr.
966 2065 1127 2115 anche

242 2134 412 2185 Heaut.
452 2149 568 2198 204,
609 2149 730 2198 439,
772 2151 875 2184 ecc.
931 2136 1127 2197 Questo

241 2213 408 2269 aggett.
448 2203 475 2254 ὲ
513 2212 660 2256 usato
687 2208 752 2255 da
779 2208 897 2257 Ter.
926 2223 1128 2272 sempre

241 2289 326 2324 con
358 2277 642 2342 significato
681 2277 1014 2336 metaforico;
1055 2278 1127 2327 al-

243 2352 363 2398 trove
377 2369 442 2388 =
455 2349 667 2398 difficile
681 2348 792 2415 (cfr.
810 2349 873 2397 ad
895 2365 963 2398 es.
979 2351 1124 2399 Eun.

241 2417 364 2484 354),
402 2435 610 2485 penem,
664 2420 882 2470 molesto
927 2418 1017 2484 (ad
1056 2436 1126 2470 es·

240 2490 377 2540 Phor.
405 2491 547 2556 238).
574 2518 636 2527 -
655 2500 872 2556 praeter
889 2507 1126 2555 aequom-

241 2576 322 2622 que
356 2579 390 2610 e.
431 2565 475 2613 b.
513 2583 586 2603 =
623 2563 754 2612 oltre
791 2562 913 2626 ogni
961 2563 1125 2626 ragio·

240 2633 549 2697 nevolezza„e
569 2650 717 2684 senza
743 2632 968 2700 profitt0.
995 2633 1127 2685 Altri

240 2700 286 2749 in
310 2719 422 2755 vece
448 2705 500 2754 fa
519 2705 570 2754 di
585 2722 660 2754 ae.
682 2721 710 2754 e
731 2708 772 2754 b.
795 2721 867 2754 un
893 2711 1126 2755 concetto

239 2773 336 2823 solo
357 2790 368 2834 ;
404 2792 597 2840 aequus
623 2793 652 2827 e
678 2779 838 2825 bonus
864 2775 1122 2825 ricorrono

238 2843 285 2892 in
303 2845 409 2896 fatti
426 2847 868 2914 frequentemente
891 2846 1121 2897 insieme.

238 2913 348 2977 Cfr.,
383 2918 446 2966 ad
481 2935 566 2980 es„
593 2935 638 2968 v.
667 2917 769 2982 987
797 2934 810 2978 ;
850 2919 902 2967 in
927 2921 1122 2968 Heaut.

239 2986 330 3050 642
349 2991 438 3052 qui
458 3007 621 3054 neque
639 2992 724 3040 ius
749 3007 912 3054 neque
937 2993 1123 3040 bonum

237 3066 377 3122 atque
421 3077 631 3126 aequom
681 3061 868 3120 sciunt,
921 3060 963 3111 si
1013 3061 1124 3109 noti

239 3129 323 3180 che
355 3147 428 3181 ae.
463 3148 490 3182 e
527 3135 570 3181 b.
597 3132 640 3182 si
659 3139 1123 3198 ‘contrappongono

239 3199 330 3250 allo
363 3203 457 3262 ius,
486 3219 632 3254 come
658 3205 744 3253 nel
770 3219 887 3253 caso
914 3212 1120 3265 nostro;

238 3271 318 3320 cfr.
353 3290 396 3322 v.
436 3285 516 3339 52.
557 3276 715 3325 L'uso
751 3275 804 3324 di
845 3292 964 3338 -que
1009 3283 1060 3324 et
1093 3270 1121 3323 ὲ

240 3343 312 3392 del
347 3345 640 3411 linguaggio
678 3346 814 3396 della
857 3361 1121 3396 conversa·

238 3413 395 3480 zione;
431 3433 532 3466 non
557 3434 624 3470 ne
649 3433 898 3467 mancano
924 3419 1121 3483 esempi

239 3487 383 3538 anche
439 3490 522 3540 nei
581 3489 847 3556 prosatori,
910 3489 1120 3555 special-

241 3565 394 3610 mente
417 3559 469 3610 in
492 3561 660 3623 Livio,
681 3577 710 3611 e
735 3560 876 3625 negli
901 3560 1121 3609 scrittori

240 3626 345 3678 dell'
371 3629 447 3683 eta
503 3632 866 3699 postclassica3
940 3647 1122 3682 manca

1240 1062 1364 1131 pero
1399 1065 1455 1113 in
1493 1063 1758 1115 Cicerone.
1808 1062 1915 1113 Cfr.
1964 1081 2056 1131 per
2108 1064 2144 1112 il

1231 1136 1605 1202 polysyndeton
1642 1151 1827 1185 ancora
1861 1134 1901 1184 il
1937 1152 1984 1185 v.
2024 1148 2144 1200 301.

1311 1208 1396 1258 66.
1438 1209 1578 1273 qui...
1608 1207 1785 1257 credat
1810 1228 1883 1249 =
1905 1208 1955 1256 si
1976 1209 2144 1271 quis...

1241 1280 1431 1330 credat.
1471 1277 1575 1327 Cfr.
1615 1278 1720 1327 Cic.
1760 1280 1889 1328 Nat.
1929 1280 1977 1328 d.
2015 1293 2065 1340 4,
2096 1292 2140 1336 z,

1248 1363 1310 1400 12
1347 1351 1469 1399 haec
1505 1351 1601 1415 qui
1632 1351 1805 1398 videat
1848 1366 2021 1400 nonne
2069 1367 2144 1398 cff-

1235 1430 1398 1488 gatur
1466 1422 1701 1484 confiteri
1770 1422 1883 1470 deos
1957 1437 2059 1470 esse
2080 1425 2104 1470 ι)
2124 1440 2144 1476 ,-

1243 1495 1294 1541 T
1293 1510 1398 1542 usc.
1444 1503 1489 1557 5,
1531 1503 1576 1555 7,
1620 1506 1687 1541 20
1736 1493 1831 1556 qui
1863 1493 2144 1541 invenisses-¹

1241 1587 1308 1605 =
1335 1565 1384 1613 si
1417 1565 1534 1628 quis
1570 1565 1780 1621 inven.‚·
1816 1578 1946 1622 ecc.;
1984 1561 2014 1611 ὲ
2051 1578 2144 1612 uso

1240 1637 1509 1701 frequente
1527 1635 1582 1683 in
1605 1634 1778 1684 latino,
1800 1634 1934 1683 Altri
1956 1631 2144 1700 (Stam-

1240 1704 1373 1773 pini)
1419 1707 1668 1756 vorrebbe
1710 1705 1977 1756 intendere
2028 1722 2144 1754 cum

1239 1781 1300 1837 is,
1334 1778 1424 1828 scl.
1447 1778 1653 1842 frater,
1680 1777 1849 1826 dando
1878 1794 1908 1826 a
1932 1777 2029 1841 qui
2060 1793 2144 1825 va-

1238 1849 1347 1899 lore
1402 1848 1619 1908 causale,
1676 1864 1771 1898 uso
1830 1864 1936 1897 non
1991 1863 2144 1898 meno

1237 1921 1508 1986 frequente
1568 1919 1687 1968 dell·
1710 1920 1854 1968 altro,
1901 1919 2005 1970 Cfr.
2057 1918 2144 1968 Ci-

1237 2008 1335 2042 cer.
1378 1994 1534 2041 Tusc.
1583 2005 1624 2050 1,
1665 2005 1749 2052 44,
1807 2001 1902 2053 107
1954 2007 2140 2057 magna

1236 2063 1390 2128 culpa
1429 2063 1649 2127 Pelopis,
1678 2064 1775 2127 qui
1802 2079 1907 2111 non
1944 2062 2140 2112 erudie-

1235 2136 1313 2184 rit
1329 2135 1510 2200 filium
1548 2151 1639 2183 nec
1688 2134 1920 2182 docuerit
1966 2139 2140 2196 quate*-

1236 2223 1338 2255 nus
1396 2213 1527 2255 esset
1573 2206 1798 2269 quidque
1847 2205 2140 2253 curandum

1235 2297 1307 2316 =
1344 2293 1460 2326 cum
1490 2278 1536 2326 is
1562 2293 1668 2325 non
1693 2277 1839 2325 erud.
1866 2292 1971 2325 nec.
2000 2276 2140 2336 doc.;

1236 2349 1396 2396 Arch.
1432 2361 1509 2407 10,
1554 2361 1648 2409 24;
1696 2349 1803 2396 Cat.
1843 2347 1955 2396 Ma.
1996 2359 2038 2406 1,
2080 2358 2140 2404 2:

1236 2434 1338 2470 ecc.
1367 2418 1528 2468 Senza
1553 2418 1749 2467 dubbio
1775 2418 1897 2468 Mic.
1917 2416 2062 2484 parla
2084 2416 2140 2465 in

1235 2490 1491 2554 generale,
1532 2507 1630 2550 ma,
1671 2490 1831 2539 anche
1870 2505 2019 2539 senza
2053 2504 2144 2537 vo-

1233 2561 1378 2622 lerlo,
1419 2557 1448 2609 ὲ
1486 2561 1718 2610 naturale
1770 2561 1845 2624 gli
1882 2561 1926 2609 si
1968 2560 2144 2609 affacci

1235 2632 1336 2681 alla
1374 2639 1545 2683 mente
1584 2633 1622 2681 il
1658 2627 1877 2682 fratello.
1918 2657 1982 2667 -—-
2016 2647 2144 2696 gras

1236 2705 1373 2762 uius,
1390 2704 1454 2753 ad
1467 2704 1625 2753 vim...
1640 2703 1855 2753 refertur
1868 2700 2140 2768 (Donato).

1231 2775 1413 2826 Trad.:
1438 2771 1529 2841 piu
1548 2775 1855 2825 autorevole.
1884 2774 1989 2825 Cfr.
2011 2772 2136 2832 Cic..

1234 2846 1328 2896 che
1365 2847 1543 2897 unisce
1588 2847 1770 2912 gravis
1813 2845 2096 2894 auctoritas
2116 2864 2136 2900 ,-

1232 2918 1441 2982 imperii
1468 2919 1724 2982 gravitas,
1764 2917 1857 2966 che
1883 2915 2005 2964 vuol
2030 2914 2136 2964 dite

1232 3005 1262 3037 a
1299 2995 1463 3054 punto
1511 3010 1534 3033 c
1578 2985 1797 3038 autorita
1838 3005 1882 3047 ι,
1924 3002 2026 3038 ecc.

1305 3061 1390 3122 67.
1409 3061 1638 3110 amicitia
1663 3060 1989 3124 adiungitur.
2017 3056 2136 3108 Cosi

1233 3132 1441 3181 traduce
1466 3137 1598 3181 tutto
1624 3131 1662 3180 il
1687 3131 1845 3196 luogo
1870 3130 1910 3179 il
1935 3128 2136 3180 Cesariz

1234 3223 1258 3247 α
1290 3203 1336 3252 Ε
1372 3209 1512 3252 certo
1549 3202 1741 3268 prende
1782 3218 1853 3250 un
1890 3201 2136 3266 granchin

1230 3291 1260 3323 a
1293 3289 1454 3333 secc0,
1494 3291 1586 3339 per
1613 3273 1788 3341 quello
1815 3273 1909 3322 che
1947 3289 2069 3338 pare
2108 3288 2136 3320 a

1232 3362 1330 3406 me,
1369 3345 1507 3394 colui
1543 3346 1637 3396 che
1685 3345 1835 3394 crede
1886 3344 1939 3393 di
1992 3350 2140 3410 poter

1231 3432 1453 3467 crescere
1493 3414 1711 3466 autorita
1737 3433 1763 3466 e
1806 3416 2053 3466 fermezza
2088 3416 2136 3464 al

1230 3503 1322 3538 suo
1359 3489 1559 3554 impero
1604 3488 1716 3538 anzi
1753 3503 1851 3536 con
1897 3486 1948 3536 la
2003 3486 2140 3536 forza

1230 3560 1324 3610 che
1361 3576 1461 3609 con
1497 3560 1547 3609 la
1570 3559 1919 3609 benevolenza
1952 3576 1996 3608 ι.
2035 3557 2140 3608 Ne1

1228 3647 1379 3682 senso
1442 3631 1495 3680 di
1556 3629 1909 3697 procacciarsi‚
1964 3630 2140 3680 conci-
