2850 4259
485 298 656 344 Anrnenon

52 422 842 504 *Emmaemnfflmwmpmmn

106 521 249 578 Furtdmne
270 521 381 580 factum
404 516 588 578 existumetis
610 524 648 576 an
671 519 771 577 locum

105 609 322 686 Reprehensum,
346 606 398 684 qui
420 606 595 685 praeteritus
618 603 841 683 nedegentiast.

106 698 169 756 Nan
191 698 272 774 quod
294 695 345 758 isti
368 695 473 757 dicunt
491 693 633 770 maliuoli,
657 693 795 755 homines
818 691 929 754 nobilis
1007 709 1042 768 15

105 962 155 997 rone
160 952 235 996 stesso
245 947 271 995 in
279 952 348 996 certo
358 946 435 996 modo
443 946 539 997 altrove

104 1016 182 1082 (Aead.
188 1026 253 1082 post.
267 1032 289 1078 1,
300 1032 324 1082 3,
340 1032 371 1067 10
380 1034 416 1066 an
425 1019 487 1082 quia
498 1019 539 1067 de·

104 1089 168 1138 lectae
172 1090 284 1149 Ennius,
293 1090 434 1149 Pacuvius,
442 1091 538 1149 Attius,

103 1161 168 1209 multi
182 1161 234 1219 alii,
255 1162 303 1225 qni
320 1176 373 1209 non
391 1162 476 1220 verba,
496 1160 542 1210 sed

103 1231 146 1278 vim
173 1233 327 1280 Graecorum
356 1239 542 1296 expresserunt

100 1301 254 1368 poetarum)
272 1303 389 1362 disdetta,
404 1319 445 1351 ma
457 1303 548 1352 anche.

103 1371 137 1420 dal
160 1373 292 1423 confronto
319 1374 362 1423 dei
392 1374 539 1424 frammenti

103 1442 158 1493 della
168 1445 279 1509 tragedia
291 1444 370 1495 latina
383 1445 480 1495 arcaica
490 1461 539 1494 con

103 1513 133 1577 gli
147 1516 261 1580 originali
279 1517 386 1580 greci,e
404 1515 440 1565 fin
458 1516 539 1566 anche

102 1586 212 1652 diquella
229 1589 322 1638 Medea
340 1588 367 1637 di
379 1587 474 1648 Ennio,
491 1589 538 1637 che

102 1655 170 1707 Cina
182 1666 262 1724 punto
275 1666 475 1725 espresssmente
488 1660 539 1708 cita

102 1733 134 1776 tra
153 1729 186 1794 gli
210 1731 316 1796 esempi,
336 1747 351 1779 a
376 1730 493 1780 conforto
511 1730 538 1779 di

105 1808 188 1864 quanto
200 1803 319 1852 asserisce
332 1800 375 1851 nel
388 1804 417 1851 a'e
428 1802 537 1869 finibus.

133 1884 168 1922 12.
185 1889 246 1931 eam,
267 1888 336 1923 mon.
359 1890 405 1938 per
429 1872 537 1922 sinizesi.

103 1968 128 1977 —
140 1960 237 1992 sumus:
250 1944 300 1994 due
318 1944 403 2004 brevi;
422 1944 448 1992 19
460 1960 473 1991 s
485 1959 538 1992 non

102 2012 123 2061 fa
138 2014 178 2079 qui
195 2015 333 2080 posizione.
352 2014 404 2064 Cfr.
419 2015 538 2066 Introdu-

87 2084 168 2136 ‘zione
178 2113 206 2121 -
216 2102 311 2135 nouam
321 2107 356 2128 =
366 2102 412 2151 per
421 2086 445 2135 la
455 2086 538 2151 prima

102 2156 166 2207 volta.

131 2240 166 2290 13.
185 2230 331 2278 Furtumne
349 2250 384 2270 =
404 2245 482 2279 se...
502 2245 538 2278 nn

99 2297 182 2362 plagio.
198 2299 250 2351 Cfr.
269 2300 341 2349 Eun.
356 2301 427 2364 prol.
447 2312 489 2365 23.
505 2327 536 2336 -

93 2368 194 2431 facturn,
218 2370 262 2420 sol.
288 2387 359 2427 essee
384 2371 464 2421 ellissi
491 2371 537 2421 che

99 2440 115 2486 s’
123 2440 231 2491 incontra
260 2442 287 2491 in
315 2443 375 2491 tutti
404 2443 412 2491 i
438 2443 538 2507 periodi

99 2510 156 2561 della
173 2513 266 2578 lingua,
286 2514 452 2579 proveniente
470 2514 537 2564 forse

100 2581 135 2630 dal
159 2584 226 2634 voler
253 2585 354 2635 imitare
379 2585 398 2634 il
425 2585 537 2657 discorso

99 2651 218 2714 familiare,
243 2656 321 2706 breve
346 2673 360 2706 e
386 2656 537 2708 conciso.E

99 2723 122 2770 in
137 2725 189 2776 fatti
207 2727 342 2793 frequente
364 2728 406 2777 nei
429 2727 535 2787 Comici,

99 2795 151 2844 ein
173 2798 271 2859 Tacito,
291 2797 310 2846 il
335 2799 411 2865 quale
436 2794 450 2847 ὲ
475 2806 537 2848 noto

99 2875 182 2930 quanto
191 2870 297 2920 ricerchi
309 2869 335 2919 la
346 2867 451 2919 brevite.
460 2870 537 2920 Nella

99 2945 173 2988 nostra
186 2940 329 2991 commedia
348 2956 437 2990 manca
456 2940 481 2990 la
494 2957 537 2990 co·

99 3009 150 3070 pule
167 3011 205 3059 col
226 3012 362 3078 participio
381 3012 467 3060 futuro
492 3019 535 3062 att.

99 3075 146 3141 (cfr.
163 3083 172 3130 i
188 3099 226 3132 vv.
247 3083 308 3147 236,
328 3095 388 3147 332,
403 3095 461 3147 333,
475 3093 535 3147 473,

100 3148 150 3214 693,
168 3163 224 3218 705,
245 3163 305 3218 750,
327 3152 398 3219 812),
412 3155 452 3203 col
470 3162 536 3220 part.

99 3222 152 3283 perf.
170 3241 233 3290 pass.
249 3227 322 3290 (225,
337 3234 397 3289 250,
411 3223 483 3291 359),
497 3226 537 3275 col

100 3296 226 3352 gerundivo
239 3296 312 3362 (193,
326 3294 397 3362 337),
411 3312 460 3346 eon
472 3298 537 3346 uelle

99 3358 161 3424 (372,
187 3367 258 3433 919),
287 3383 337 3418 eon
367 3368 434 3417 nelle
464 3366 537 3434 (165,

100 3431 150 3498 ⁶95¹
168 3438 236 3505 775),
256 3455 305 3488 con
324 3446 424 3504 oportet
439 3436 525 3504 (214).

132 3519 167 3570 14.
195 3511 376 3576 neclegentiast
397 3532 431 3552 =
455 3510 538 3576 negle-

98 3580 174 3637 gentia
197 3590 242 3632 est.
268 3584 329 3633 Non
354 3579 369 3631 ὲ
396 3582 467 3631 detto
492 3597 538 3647 per

101 3644 205 3713 biasimo,
224 3669 266 3703 ma
283 3653 341 3703 solo
361 3669 408 3719 per
425 3653 537 3703 indicare

593 948 640 997 che
659 947 720 1013 quel
739 961 814 1013 passo
837 960 889 993 non
914 945 943 994 fu
967 946 1046 995 scelto

593 1019 625 1068 da
644 1017 744 1068 Plauto.
770 1017 907 1082 Neclegere
935 1017 962 1066 in
981 1016 1045 1080 fatti,

593 1091 678 1139 donde
698 1089 834 1154 neglegere,
855 1084 869 1136 ὲ
888 1110 923 1131 =
941 1105 994 1137 non
1013 1089 1046 1136 le·

590 1155 907 1296 {‘“nt‘fifflsssssszt
925 1175 1047 1283 ene?

592 1303 663 1367 Virg.
693 1304 758 1352 Bur.
788 1314 812 1363 9,
841 1300 877 1367 6).
906 1301 966 1353 Cosi
993 1317 1046 1350 non

592 1375 678 1424 hanno
692 1372 836 1438 significato
848 1374 995 1440 copulative
1004 1389 1047 1422 ne·

592 1463 648 1510 que,
663 1463 708 1496 nec
720 1445 804 1493 ullum
818 1461 864 1510 per
876 1447 988 1504 nullum,
1001 1460 1047 1493 nec

592 1525 682 1567 utrum
693 1533 740 1583 per
749 1524 881 1576 neutrum,
894 1532 960 1575 ecc.;
973 1532 1046 1580 nego·

592 1589 656 1638 tium
668 1583 855 1653 ('nec·otium),
871 1589 1047 1653 nee-opinans,

592 1660 736 1725 neglegens
754 1679 790 1699 =
811 1659 968 1724 nec-legens,·
993 1672 1045 1708 ecc.

591 1731 640 1779 Per
658 1727 698 1779 eid
717 1730 736 1778 il
754 1746 777 1778 v.
796 1725 1008 1794 reprehendere
1026 1728 1046 1777 il

592 1798 637 1866 piir
662 1802 748 1851 adatto
772 1801 797 1849 al
822 1816 887 1849 caso.
918 1800 970 1850 Cfr.
993 1800 1045 1850 Cic.

597 1873 671 1923 Verr.
692 1887 716 1932 2,
731 1886 754 1935 3,
770 1874 889 1935 eoquod
904 1879 961 1921 erat
969 1880 1046 1935 prae·

592 1945 738 1993 termissum
757 1945 810 1992 id...
829 1944 1024 2007 reprehendisti.

631 2024 669 2079 15.
689 2016 761 2063 Nam
775 2014 880 2078 quodq.
895 2030 927 2063 ss.
942 2013 1046 2076 Quanto

591 2086 635 2151 poi
654 2102 669 2134 a
687 2085 776 2151 quello
795 2086 867 2134 che...
880 2085 951 2133 Nam
965 2080 1045 2149 epar·

592 2157 677 2207 ticella
696 2173 785 2222 spesso
806 2162 878 2205 usata
903 2155 971 2205 nelle
997 2155 1046 2204 for·

593 2229 660 2278 mole
679 2229 706 2277 di
725 2227 870 2292 passaggio,
895 2227 927 2277 ed
946 2242 1045 2276 accom-

591 2315 676 2366 pagna
693 2300 844 2363 l'occupatr'o
864 2313 880 2347 o
902 2299 928 2348 la
943 2306 1045 2363 praete·

591 2373 660 2422 ritie.
674 2369 728 2419 Cfr.
742 2372 838 2420 Heeut.
856 2370 904 2430 16;
925 2370 979 2419 edi
991 2368 1046 2418 Cic.

591 2443 663 2490 Nam
687 2443 760 2505 quod
774 2442 868 2498 aiunt;
892 2457 954 2489 nam
978 2442 1050 2504 quod

591 2514 621 2561 de
635 2513 732 2576 pietate
750 2514 861 2571 fixistis,
881 2527 932 2563 ecc.
948 2512 1045 2561 Teren·

591 2584 637 2643 zio,
675 2584 745 2648 dopo
771 2584 861 2633 essersi
892 2582 1046 2647 giustificata

591 2654 650 2704 dell’
662 2669 753 2704 accusa
770 2654 797 2703 di
810 2654 905 2720 plagio,
919 2670 992 2720 passa
1010 2654 1045 2703 al·

590 2728 607 2776 l’
619 2727 683 2775 altra
711 2741 802 2774 accusa
833 2729 972 2776 'contenuta
1003 2725 1046 2774 nel

591 2813 614 2847 v.
637 2797 676 2855 16,
698 2796 723 2845 la
742 2796 825 2861 quale,
845 2797 956 2847 secondo
969 2796 988 2845 il
1007 2797 1046 2856 Ρ.,

591 2869 628 2932 gli
649 2867 736 2918 faeeva
763 2868 933 2931 grandissimo
958 2883 1045 2917 onore.

592 2966 626 2975 -
644 2940 695 2988 isti.
715 2939 754 2988 La
771 2939 862 2989 sillaba
875 2938 976 2989 iniziale
996 2935 1044 2988 sie

592 3009 740 3060 abbreviata
758 3027 803 3075 per
828 3010 853 3059 19
878 3010 954 3075 legge
978 3010 1046 3060 delle

591 3081 678 3151 parole
697 3081 849 3145 giambiche,
876 3082 901 3131 la
927 3082 1003 3146 quale
1024 3082 1047 3131 si

590 3153 694 3202 estende
712 3153 793 3202 anche
812 3154 837 3203 al
862 3168 920 3203 caso
947 3153 994 3203 che
1021 3153 1046 3202 la

590 3225 674 3283 breve,
694 3240 710 3273 o
723 3223 748 3272 19
761 3224 808 3274 tesi
819 3224 862 3275 del
881 3224 994 3290 giambo,
1009 3224 1046 3275 sia

591 3295 720 3345 costituita
738 3295 769 3344 da
792 3312 828 3345 un
847 3312 947 3346 monos.
960 3295 1045 3355 breve,

591 3382 663 3416 corne
677 3366 723 3431 qui
741 3367 785 3415 dal
798 3368 871 3431 quod
883 3367 1045 3433 precedente.

591 3438 643 3487 Cfr.
657 3437 865 3489 l'Introduzione.
886 3439 913 3488 Si
925 3438 981 3488 noti
1001 3439 1046 3504 poi

591 3509 638 3559 che
656 3511 710 3568 iste,
731 3525 805 3560 come
824 3509 876 3575 qui,
901 3509 935 3559 ha
957 3525 1046 3575 spesso

591 3595 666 3631 senso
691 3581 854 3646 spregiativo,
884 3598 898 3631 e
923 3580 967 3631 nel
995 3581 1046 3630 lin·

591 3652 704 3717 guaggio
723 3653 825 3703 forense
838 3652 859 3701 si
873 3667 984 3702 accenna
997 3668 1046 3702 con
