2850 4259
476 347 641 393 ADELPHOE

48 552 49 557 η
99 479 177 535 Duo:
213 475 283 535 inde
307 494 364 553 ego
385 476 467 535 hunc
490 474 635 535 maiorem
657 473 801 550 adoptant
823 468 918 531 mihi:

48 580 49 641 j
97 563 181 623 Edrixi
201 584 219 623 a
239 566 374 642 paru010,
399 562 502 636 habui,
527 563 627 624 amaui
648 572 704 642 pro
727 577 820 636 meo;

48 670 49 673 ’
97 656 126 712 In
143 662 177 713 eo
198 672 245 712 me
269 655 412 714 oblecto:
452 654 549 714 solum
571 652 603 713 id
628 664 673 712 est
695 656 797 713 earnm
815 648 898 710 mihi.

96 744 139 802 Ille
161 748 191 802 rit
211 740 282 802 item
306 752 412 803 contra
435 762 484 803 me
507 743 618 802 hebeat
640 740 718 802 facio
741 741 867 801 sedulo:
998 757 1038 814 50

97 833 144 905 Do,
165 830 387 909 praetermitto:
427 840 491 891 non
512 850 635 892 neeesse
657 831 757 891 habeo
779 826 881 889 omnia

96 922 142 980 Pro
161 929 228 981 meo
249 920 313 981 iure
335 938 444 998 agere:
485 928 646 999 postremo,
671 918 722 979 alii
745 919 914 980 clanculum

47 1020 48 1023 ’
95 1011 181 1070 Patres
202 1029 280 1088 quae
304 1009 425 1084 faciunt,
451 1016 528 1087 quae
551 1011 608 1070 sert
632 1005 843 1080 adulescentia,

95 1099 184 1160 Eone
205 1119 254 1160 me
278 1101 356 1160 celet
378 1098 548 1160 consuefeci
569 1098 676 1159 sssium.

47 1404 51 1419 Ι
124 1359 160 1410 47.
177 1348 235 1397 inde
253 1369 289 1390 =
308 1365 340 1397 ex
359 1349 414 1405 εἰη
437 1349 533 1397 altrove

97 1420 152 1467 unde
170 1441 203 1460 =
227 1436 239 1468 e
264 1421 365 1483 quibus.
396 1445 429 1454 —
454 1420 532 1478 hunc,

97 1503 156 1540 corne
172 1490 195 1538 al
212 1507 236 1542 v.
256 1503 291 1552 40
315 1491 365 1549 hic,
383 1485 476 1555 perche
499 1490 533 1538 E·

97 1560 179 1623 sehinn,
198 1562 311 1611 sebbene
330 1577 376 1626 per
394 1561 474 1610 allora
495 1577 534 1609 as-

96 1638 162 1689 sente.
180 1633 266 1683 viveva
289 1632 316 1680 in
342 1648 399 1681 casa
424 1649 477 1682 sua.
502 1634 534 1681 In

96 1716 146 1751 voce
161 1719 208 1752 con
225 1705 268 1753 ille
296 1703 338 1753 dei
356 1719 395 1752 vv.
416 1704 450 1767 36
469 1720 484 1753 e
500 1712 534 1766 5ο

98 1767 221 1838 epensato
239 1771 285 1840 pin
305 1781 372 1824 tosto
397 1790 470 1824 come
495 1791 534 1823 as·

95 1851 155 1894 sente
172 1862 186 1895 e
204 1846 318 1895 lontano.

124 1914 162 1976 48.
179 1918 271 1966 Eduxi
287 1938 324 1958 =
342 1918 460 1977 educoue',
478 1933 534 1982 per·

95 1981 134 2034 che
150 1987 207 2037 nell’
219 1988 303 2038 antico
322 1987 403 2037 latino
431 1988 535 2037 educere

96 2056 122 2105 ed
137 2060 240 2108 educare
253 2059 275 2109 si
287 2058 435 2108 scambiano
448 2074 535 2125 spesso

96 2127 131 2176 nel
147 2146 219 2179 senso
237 2131 263 2180 di
282 2129 400 2192 allevare,
419 2131 534 2179 educare.

94 2197 137 2248 Del
153 2208 218 2250 resto
236 2203 318 2252 anche
338 2200 461 2251 Cicerone
477 2202 534 2250 dice

95 2284 157 2331 quem
173 2275 321 2336 procrearis
346 2280 371 2322 et
394 2274 513 2321 eduxeris
523 2290 535 2329 ,·

95 2339 191 2391 Tacito:
210 2343 316 2393 eductus
328 2344 357 2392 in
370 2344 535 2393 contubernio

94 2410 210 2475 legionum
220 2431 230 2470 ,¹
249 2430 301 2465 ecc.
320 2413 373 2464 Cfr.
392 2424 454 2479 495,
475 2413 534 2478 875,

94 2496 129 2530 ma
144 2484 222 2535 anche
237 2486 318 2536 Phor.
339 2498 399 2548 943.

122 2567 160 2615 49.
182 2572 215 2617 co,
233 2564 332 2617 neutro,
352 2570 427 2606 come
439 2572 536 2622 appare

94 2622 129 2704 fiel
145 2626 225 2676 solum
244 2629 275 2677 id
290 2636 423 2693 seguente.
442 2628 535 2678 Trad.:

93 2709 116 2742 1n
131 2704 218 2761 queste
235 2715 304 2750 cure.

124 2775 162 2830 5ο.
189 2778 280 2820 contro
308 2791 344 2811 =
373 2790 385 2815 r
407 2770 440 2819 da
466 2777 537 2836 parte

94 2852 132 2887 sua
151 2855 181 2898 »ς
200 2837 214 2889 ὲ
232 2858 308 2905 avv.;
328 2842 373 2891 cfr.
396 2858 418 2889 v.
438 2856 481 2903 44.
502 2867 535 2877 -

94 2907 151 2969 item,
161 2912 204 2963 sel.
215 2929 314 2964 earum.
326 2912 439 2977 -s'acio
449 2913 537 2962 sedulo

94 2998 124 3020 =
148 2981 227 3032 saccio
255 2984 282 3032 di
310 2991 384 3048 tutto,
413 2984 439 3032 fo
471 2990 537 3033 tutto

95 3051 172 3114 quello
196 3055 243 3105 che
272 3070 357 3121 posso.
390 3053 442 3104 Cfr.
476 3065 535 3120 251,

95 3133 155 3186 4133
180 3127 252 3176 Eun.
278 3126 347 3190 3623
375 3141 427 3177 ecc.
452 3126 535 3183 Livio,

95 3203 131 3256 34,
147 3209 176 3258 14
188 3214 231 3263 ego
249 3198 337 3247 sedulo
357 3213 389 3247 ne
403 3197 535 3262 essetfeci.

126 3275 163 3328 51.
181 3270 231 3327 Do,
251 3269 295 3319 scl.
317 3268 464 3333 pecuniam.
484 3266 536 3318 cfr.

95 3350 114 3382 v·
142 3338 197 3390 118.
226 3367 260 3376 -
282 3340 470 3405 praetermitto,
491 3341 535 3389 scl.

96 3408 185 3472 delicto,
209 3426 282 3461 come
310 3417 465 3460 commento
483 3411 536 3460 Do·

95 3486 154 3528 nato.

126 3559 165 3613 52.
182 3554 237 3601 Pro
255 3570 308 3603 meo
326 3553 405 3611 e‘urc;
426 3553 537 3602 secondo

95 3617 103 3666 i
119 3621 194 3672 diritti
211 3625 258 3675 che
275 3625 313 3689 gli
331 3625 396 3675 deva
411 3623 536 3689 lupatria

92 3696 203 3753 potestas.
231 3695 284 3746 Csr.
312 3697 375 3748 Hce.
401 3706 451 3759 243
476 3710 533 3763 sg.:

586 1348 649 1398 Etsi
659 1348 710 1396 scio
720 1363 771 1411 ego,
784 1345 947 1402 Philumena,
958 1359 1041 1392 meum

586 1421 629 1467 ius
646 1434 706 1477 esse,
719 1424 751 1466 ut
768 1425 792 1467 tc
809 1432 895 1481 cogam
910 1416 980 1476 Quae
998 1431 1042 1480 ego

587 1490 702 1553 inperem
712 1489 815 1552 fecere,
829 1500 872 1552 ego
891 1493 975 1534 temen
990 1492 1041 1550 po-

587 1562 638 1610 tre'o
656 1561 743 1609 animo
762 1560 848 1607 uictus
865 1557 976 1619 sociam,
1008 1555 1043 1604 Vt

588 1633 635 1681 tibi
651 1631 785 1680 concedam
799 1644 850 1678 ecc.
864 1653 897 1664 -
912 1644 973 1687 meo,
987 1642 1042 1676 mo·

588 1718 643 1752 nos.
656 1718 702 1768 per
715 1700 824 1749 sinizesi.
842 1726 874 1734 -
893 1715 975 1764 ogere,
996 1696 1041 1747 sel.

588 1791 653 1823 eum.
667 1771 838 1821 L’omissione
852 1770 986 1835 frequente
999 1768 1042 1818 del

588 1859 712 1911 pronome
731 1849 849 1906 soggetto
864 1841 934 1890 nella
946 1848 1042 1890 costru·

588 1916 660 1966 zione
679 1914 803 1964 dell'aec.
828 1928 877 1962 con
901 1912 918 1960 l'
930 1910 1001 1960 infin.
1028 1906 1042 1959 ὲ

589 2003 640 2036 una
658 1982 829 2053 particolarit‘a
847 1983 917 2033 dello
933 1982 991 2032 stile
1005 1988 1041 2031 te·

588 2061 717 2108 renziano.
739 2059 771 2106 In
795 2062 885 2121 questa
909 2069 1001 2104 comm.
1028 2049 1042 2101 ὲ

589 2146 689 2180 omesso
708 2144 747 2176 me
768 2127 792 2176 al
818 2143 842 2180 v.
867 2137 926 2189 270,
952 2132 975 2174 te
999 2124 1042 2174 nei

589 2217 627 2251 vv.
652 2189 801 2262 162‘,·'·'‘750;
821 2214 846 2246 se
866 2198 909 2248 nei
933 2212 971 2244 vv.
999 2206 1047 2263 77,

593 2282 621 2336 15
630 2287 640 2322 1
650 2292 656 2335 3
667 2289 732 2329 eum,
741 2286 813 2319 come
823 2269 876 2334 qui,
882 2269 923 2318 nei
934 2284 973 2317 vv.
981 2277 1041 2331 359,

588 2357 649 2404 40¹2
663 2355 725 2404 402,
738 2351 790 2405 415
803 2355 856 2404 ⁵8=3
870 2356 924 2389 ‘am
937 2357 960 2389 V·
978 2352 1041 2402 193;

590 2431 630 2463 eos
648 2430 686 2463 vv.
706 2425 769 2477 429,
790 2410 850 2461 826.
873 2409 925 2459 Cfr.
950 2425 1044 2459 ancora

590 2486 676 2535 Andr.
687 2484 731 2534 nei
740 2500 778 2533 vv.
790 2497 829 2545 14,
843 2495 899 2546 145,
908 2480 967 2545 358,
976 2497 1040 2540 ecc.;

590 2558 670 2606 Phor.
677 2573 717 2606 vv.
728 2565 770 2619 54,
781 2554 840 2613 206,
849 2563 909 2617 315·
919 2553 980 2614 460,
991 2567 1042 2601 ecc.

590 2631 639 2679 Per
657 2627 722 2676 altre
742 2626 835 2675 notizie
853 2626 897 2674 cfr.
911 2642 934 2675 v.
950 2634 991 2685 77.
1009 2648 1042 2659 -··

591 2700 647 2757 alii,
675 2699 720 2747 sel.
732 2698 796 2762 filii,
815 2697 995 2745 adulescentes.
1008 2719 1042 2728 -

591 2769 747 2824 clanculum,
767 2768 981 2816 ordinariamente
999 2781 1041 2813 av·

590 2841 686 2903 verbio,
700 2840 745 2905 qui
764 2837 834 2896 ἅπαξ
851 2835 989 2902 λεγόμενον
1001 2851 1043 2884 eo·

590 2927 632 2961 me
656 2911 832 2976 preposizione
857 2925 906 2958 con
930 2908 947 2956 1’
959 2922 1041 2956 accus.

591 2980 715 3047 (potres),
735 2998 781 3046 per
799 2980 918 3044 analogia
932 2979 959 3027 di
978 2979 1043 3027 clem

590 3052 643 3103 eost
662 3054 784 3102 costruito
804 3052 831 3100 in
849 3053 941 3101 Plauto
960 3067 974 3099 e
992 3050 1043 3099 Te·

590 3125 684 3174 reneio.
711 3125 815 3186 Quanto
836 3124 887 3173 alla
905 3123 988 3172 forma
1007 3121 1044 3169 di·

591 3196 724 3255 minutim,
742 3196 786 3244 cfr.
800 3195 824 3244 le
843 3201 928 3244 nostre
947 3199 1007 3261 note
1029 3209 1043 3241 a

586 3268 776 3332 pauperculam
796 3267 839 3316 del
849 3283 872 3317 v.
887 3265 911 3327 8,
925 3282 939 3316 e
951 3264 975 3313 al
990 3280 1012 3313 v.
1029 3275 1040 3312 1

590 3338 659 3387 della
678 3339 811 3388 Periocha.

628 3418 669 3473 53.
698 3425 764 3472 quoe
780 3409 843 3472 fert
866 3410 917 3469 aot,
941 3422 1043 3473 propos.

591 3480 662 3530 relat.
682 3480 848 3529 subordinata
860 3479 968 3529 all'altra
980 3477 1044 3527 rela-

590 3552 642 3601 tiva
651 3567 717 3616 quac
721 3551 840 3615 faciunt.
853 3551 961 3613 -fert,
971 3559 1044 3614 porta

590 3638 639 3671 con
658 3618 693 3682 se,
713 3630 852 3688 comporta.
866 3621 919 3671 cfr.
938 3638 962 3671 v.
982 3631 1044 3685 730,

591 3693 652 3758 839.
