2850 4259
1020 261 1354 305 ADELPHOE

254 390 361 448 SY.
408 388 729 451 Laudarier
775 399 833 449 te
880 388 1048 457 audst
1091 390 1401 447 lubenter:
1474 385 1628 448 facio
1675 395 1733 446 te
1777 386 1939 463 apud
1982 384 2153 445 ilh'nn

846 479 1234 627 CTfleKAErgag?
1323 569 1441 626 SY.
1475 568 1669 624 Tuas:
1739 561 1970 623 homini
2014 561 2154 623 ssico

255 565 505 629 Virtfites
553 588 746 631 narrO.

2021 262 2141 319 119

2028 491 2146 551 535

953 657 1252 715 lacrumae
1297 655 1521 715 cadunt
2083 719 2087 725 ,

251 744 430 819 Quasi
459 750 642 823 pfiero
674 744 913 822 gaudio,
983 749 1077 803 em
1113 741 1222 804 tibi
1254 742 1489 803 autem!
1568 742 1694 801 CT.
1727 742 1891 817 Quid
1922 740 2152 800 natust?

950 833 1069 893 SY.
1115 836 1319 910 Lupus
1363 831 1425 890 in
1473 832 1693 890 fabula.

249 921 371 982 CT.
403 926 576 981 Pater
611 925 738 983 est?
813 924 930 982 SY.
964 924 1023 981 Is
1051 920 1251 999 ipsest.
1330 921 1458 981 CT.
1496 923 1659 997 Sym,
1696 918 1839 995 quid
1886 916 2156 995 agimus?

951 1012 1074 1070 SY.
1120 1012 1283 1087 Ffige
1330 1010 1515 1069 modo
1561 1008 1734 1080 intr0,
1772 1026 1882 1085 ego
1922 1008 2152 1067 uidero.

247 1098 371 1160 CT.
399 1099 612 1175 Siquid
636 1097 886 1177 rogabit,
914 1105 1207 1174 ntisquam
1232 1109 1297 1158 tu
1322 1116 1450 1157 me:
1499 1095 1792 1157 audtstin?
1837 1099 1953 1157 SY.
1979 1094 2156 1155 Potiu

958 1198 1022 1247 ut
1067 1186 1338 1247 desinas?

322 1441 435 1495 535.
483 1432 814 1481 Laudarier:
866 1431 957 1481 cfr.
1010 1435 1144 1497 App.

250 1503 352 1551 crit.
395 1529 455 1537 —
480 1503 635 1566 facio
673 1510 767 1552 te...
807 1504 973 1558 deum,
1009 1506 1043 1552 t’
1072 1503 1146 1551 in-

253 1574 389 1631 nalzo
426 1574 540 1622 sino
578 1572 628 1621 al
667 1574 813 1623 cielo.
851 1574 1029 1623 Anche
1061 1573 1146 1623 Ci-

253 1660 426 1694 cerone
479 1644 547 1692 ha
598 1645 672 1691 ad
715 1647 826 1694 Att.
876 1659 926 1706 4,
986 1645 1062 1705 16,
1114 1657 1144 1708 3

255 1716 390 1764 Deus
443 1716 530 1763 ille
586 1722 760 1763 noster
814 1716 967 1764 Plato
990 1733 1011 1772 ,·
1066 1718 1148 1765 De

250 1794 376 1834 orat.
410 1799 451 1849 1,
494 1798 577 1849 23,
625 1786 722 1833 106
761 1794 806 1835 te
843 1788 900 1834 in
939 1787 1147 1835 dicendo

250 1865 438 1920 semper
478 1858 674 1920 putavi
721 1858 906 1916 deum;
961 1870 1007 1916 2,
1060 1870 1147 1917 42,

261 1937 377 1989 179;
406 1942 512 1977 ecc.
549 1926 656 1976 Cfr.
683 1927 896 1977 Platone
928 1929 1152 1977 Menone

254 2014 299 2062 p.
343 2011 407 2059 99
460 1995 518 2046 οἵ
559 1993 819 2052 Λάκωνες
868 1996 991 2047 ὅταν
1039 1993 1191 2083 τινὰ.

253 2065 649 2132 ἐγκωμιάζωσιν
703 2065 904 2133 ἀγαθὸν
965 2065 1148 2132 ἄνδρα,

250 2136 388 2194 θεῖος
429 2136 582 2202 ἀνήρ,
624 2138 803 2203 φασίν,
840 2135 1006 2194 οὗτος.

321 2211 434 2274 536.
494 2211 725 2259 homini:
782 2210 872 2261 cfr.
927 2227 973 2259 v.
1039 2223 1150 2273 143.

254 2306 314 2314 —
350 2282 483 2341 ilico,
521 2280 1021 2341 immediatamente3
1061 2282 1151 2331 cfr.

249 2365 295 2399 ν.
341 2354 450 2417 156.

319 2432 434 2487 537.
477 2440 554 2473 em
593 2424 717 2472 tibi.-
767 2423 856 2471 cfr.
896 2439 941 2473 v,
988 2434 1082 2487 137
1126 2440 1154 2473 e

254 2496 414 2543 Andr.
447 2493 580 2555 842;
611 2489 754 2543 Eun.
782 2504 912 2556 4723
953 2510 1056 2543 ecc.
1085 2520 1148 2529 —-

253 2564 428 2628 Lupus
486 2567 544 2613 in
583 2564 798 2625 fabula.
847 2567 919 2614 In
955 2565 1153 2629 fabula

250 2632 358 2683 eioe
393 2638 451 2684 in
491 2652 736 2694 sermone,
783 2655 806 2678 e
848 2637 1062 2684 durante
1115 2635 1153 2683 il

250 2705 472 2756 discorso
529 2726 552 2749 ι
608 2704 723 2771 (cfr.
775 2707 942 2755 Plaut.
995 2707 1151 2755 Stich.

251 2785 348 2839 577
380 2781 552 2841 Atque
578 2793 743 2825 eccum
772 2778 864 2826 tibi
885 2777 1066 2840 lupum
1097 2778 1154 2825 in

251 2863 506 2896 sermone:
532 2856 782 2911 praesens
809 2850 1037 2896 esuriens
1061 2848 1154 2895 ad-

250 2915 358 2981 est),
396 2934 504 2967 non
548 2937 571 2961 e
614 2918 750 2967 nella
793 2918 962 2967 favola
1005 2937 1047 2967 ι.
1087 2918 1154 2966 Vi

247 2987 375 3038 deve
400 3005 569 3038 essere
595 2989 846 3038 allusione
875 3006 905 3037 a
930 3006 999 3038 un
1026 2989 1153 3037 fatto

247 3057 303 3105 di
339 3074 408 3107 un
463 3059 589 3125 lupo
639 3060 729 3109 che
781 3077 999 3125 apparve
1043 3060 1153 3108 ina-

249 3137 655 3192 spettatamente‚
683 3139 879 3180 mentre
903 3132 1016 3181 altri
1042 3147 1152 3196 par-

254 3198 360 3249 lava
395 3202 448 3250 di
488 3201 580 3264 lui,
621 3202 753 3250 forse
791 3203 951 3252 anche
989 3203 1152 3250 scher-

253 3272 407 3320 zando
444 3290 476 3321 a
513 3287 604 3321 sue
642 3288 804 3337 spese.
857 3274 945 3321 Ma
993 3269 1022 3320 ὲ
1065 3288 1152 3321 cu-

249 3340 381 3390 riosa
416 3359 522 3392 una
557 3344 894 3408 spiegazione,
939 3344 1046 3402 che,
1080 3350 1155 3392 tra

1253 1432 1389 1483 varie
1415 1432 1556 1495 altre,
1579 1448 1645 1481 ne
1671 1432 1895 1482 riferisee
1920 1433 2152 1487 Donato:

1254 1506 1589 1553 intervenisse
1636 1505 1816 1565 lupum
1855 1503 2156 1551 Naevianae

1237 1574 1464 1638 fabulae
1524 1572 1598 1639 (la
1636 1574 1834 1637 fabula
1882 1580 2156 1637 praetexte:

1255 1645 1307 1692 di
1357 1646 1537 1705 Nevio,
1575 1643 1850 1708 Romulus)
1885 1645 2160 1693 alimoniae

1256 1717 1404 1763 Remi
1428 1724 1477 1765 et
1498 1716 1706 1764 Romuli
1728 1718 1850 1763 dum
1880 1716 1937 1763 in
1963 1715 2156 1764 theatra

1256 1793 1512 1851 ageretur.
1526 1786 1631 1836 Cfr.
1645 1786 1753 1839 Cic,
1768 1787 1843 1833 ad
1851 1787 1897 1833 A
1903 1793 1958 1835 tt.
1979 1799 1997 1833 1
2008 1798 2057 1848 3,
2075 1798 2103 1848 3
2111 1799 2156 1847 3,

1258 1870 1294 1917 4
1319 1858 1400 1905 De
1431 1857 1665 1905 Varrone
1690 1858 2052 1919 loquebamur:
2079 1857 2160 1903 lu-

1251 1936 1357 1991 pus
1369 1927 1627 1990 infabula
1638 1946 1653 1975 :
1672 1929 1815 1976 venit
1832 1928 1963 1995 enjm
1975 1928 2049 1975 ad
2065 1943 2156 1975 me.

1334 1997 1451 2062 538.
1480 2000 1538 2047 Is
1574 2000 1731 2062 ipsest
1764 2018 1834 2037 =
1872 1998 1915 2046 E
1952 1998 2160 2062 propria]

1259 2070 1350 2119 lui.
1402 2095 1469 2105 —
1519 2070 1652 2132 quid
1693 2070 1935 2133 agimuss³
1983 2069 2160 2138 Anche

1259 2141 1370 2190 noi:
1407 2159 1430 2182 «z
1460 2141 1552 2188 che
1590 2140 1871 2188 facciarno?
1904 2158 1946 2188 ι.
1974 2140 2018 2187 Ε
2043 2155 2160 2203 pro-

1259 2214 1371 2278 prio
1409 2211 1545 2259 della
1582 2211 1790 2275 pax-lata,
1830 2210 1884 2258 in
1920 2225 2040 2259 vece
2078 2211 2160 2259 del

1259 2282 1589 2345 congiuntivo
1618 2281 1965 2330 deliberativo.
1991 2308 2052 2317 —
2080 2283 2160 2331 ui*

1260 2356 1399 2408 dero,
1437 2353 1486 2401 vi
1528 2350 1718 2401 bader&
1756 2351 1821 2415 io,
1863 2351 1909 2399 ci
1945 2351 2160 2417 penset-iz·

1259 2424 1325 2472 io.
1363 2422 1470 2472 Cfr.
1518 2434 1629 2485 127,
1667 2435 1787 2486 437,
1829 2420 1948 2486 845.

1335 2504 1453 2558 539.
1476 2511 1734 2557 nusquam
1762 2501 1819 2543 tu
1846 2510 1938 2553 me,
1963 2495 2052 2542 sel.
2082 2495 2160 2543 uss-'-

1261 2567 1398 2614 disti.
1425 2566 1663 2613 Donatot
1705 2564 1968 2613 familiaris
2001 2562 2160 2614 ἔκλει-

1258 2653 1354 2700 ψις
1402 2643 1454 2685 et
1489 2643 1607 2700 apta
1644 2635 1967 2701 properanti:
2007 2651 2164 2701 quare

1257 2708 1384 2756 haec
1434 2708 1606 2755 omnia
1654 2723 1826 2772 pressa
1873 2721 1997 2755 voce
2046 2722 2160 2755 cum

1261 2778 1518 2827 celeritate
1543 2777 1920 2842 pronuntianda
1939 2785 2073 2826 sunt.
2098 2804 2160 2813 -—

1260 2850 1416 2897 Potin
1446 2856 1507 2898 ut
1530 2870 1598 2889 -—-·
1617 2850 1821 2912 petisne
1859 2855 1934 2896 est
1956 2856 2048 2906 ut,·
2073 2847 2164 2897 cfr.

1259 2920 1424 2968 Plaut.
1456 2921 1640 2983 Amph.
1674 2932 1806 2981 903;
1845 2918 1989 2967 Men.
2027 2919 2164 2980 466:

1260 2992 1408 3038 Pers.
1442 3001 1501 3052 17
1512 3000 1570 3053 5;
1600 2991 1734 3038 Rud.
1762 2999 1897 3053 425;
1925 3005 2026 3044 ece.
2058 2990 2164 3039 cfr.

1260 3077 1306 3109 v.
1350 3060 1466 3121 264.
1512 3087 1573 3096 —
1615 3060 1875 3110 Ctesifone
1928 3061 1970 3110 si
2026 3062 2164 3111 ritira

1260 3132 1317 3179 in
1353 3146 1469 3180 casa
1493 3132 1544 3179 di
1570 3131 1821 3194 Micione;
1857 3148 1953 3187 ma.
1985 3134 2164 3181 stando

1260 3202 1427 3251 dietro
1466 3202 1567 3251 alla
1603 3209 1750 3267 porta
1785 3202 2062 3263 socchiusa,
2098 3203 2168 3252 ha

1262 3274 1416 3321 modo
1456 3274 1506 3321 di
1546 3274 1743 3338 parlare
1773 3281 2032 3323 sottovoce
2068 3289 2168 3323 con.

1262 3344 1374 3393 Siro
1411 3342 1549 3408 (sino
1586 3344 1636 3393 al
1673 3360 1719 3392 v.
1759 3340 1903 3409 553).
