2850 4259
46 473 48 506 1
117 456 200 531 Quod
222 462 291 517 cum
315 459 409 517 salute
431 456 494 517 eius
517 460 578 532 flat,
602 457 644 517 ita
666 420 894 534 s'e'uueiiga‘rn'
909 421 1009 530 uelim.

46 623 48 638 .
117 546 154 604 Vt
174 546 270 605 triduo
292 548 352 606 hoe
373 554 519 624 perpetuo
542 565 678 624 prorsum
702 566 719 606 e
746 547 823 606 lecto
853 554 982 622 nequeat
1004 549 1065 604 sur·

121 723 172 781 SY.
194 724 238 782 Ita
261 724 322 797 flat,
344 693 380 784 et
395 723 472 785 istoc
494 647 672 802 stqrilepeotis
687 734 733 784 est
754 722 870 783 rectius.
911 723 975 782 CT.
999 724 1063 781 lta:

1002 651 1064 707 520

552 833 623 873 narn
644 814 726 874 hunc
748 811 829 872 diem

115 1180 166 1243 glor
183 1182 269 1245 grado.
295 1182 393 1244 Quindi
414 1204 427 1228 ι
448 1198 492 1231 ora
514 1178 559 1247 piir

115 1252 156 1301 che
174 1253 231 1311 mai,
246 1268 291 1301 ora
309 1254 499 1319 specialmente,
515 1270 560 1302 ora

49 1359 50 1362 η
115 1331 220 1387 apunto
241 1338 275 1381 »3
300 1324 345 1374 cfr.
364 1326 449 1374 Andr.
470 1323 521 1388 823
545 1341 559 1374 e

116 1391 138 1440 la
154 1403 211 1442 nota
237 1394 307 1443 dello
332 1394 461 1460 Spengel;
480 1396 560 1444 Phor.

118 1474 181 1527 2043
198 1466 262 1513 Hic.
285 1475 342 1529 115.
358 1493 389 1501 -
409 1468 493 1529 operis
511 1467 560 1514 ali·

615 1179 695 1232 tinitt.
720 1183 776 1231 Con
801 1183 817 1230 l'
829 1182 940 1230 ablativo
963 1182 990 1230 in
1010 1182 1066 1230 fatti

615 1270 668 1302 non
686 1262 758 1303 tanto
775 1254 797 1303 si
816 1253 880 1302 mira
898 1253 949 1301 alla
969 1253 1065 1313 durata,

615 1334 711 1391 quanto
736 1325 787 1373 allo
812 1325 896 1390 spazio
921 1324 948 1373 di
972 1333 1066 1388 tempo,

615 1405 688 1445 entro
701 1396 742 1444 cui
755 1396 863 1461 qualche
875 1411 934 1444 cosa
952 1395 1064 1444 avviene.

615 1466 668 1516 Cfr.
688 1469 751 1515 Hcc.
771 1467 803 1528 87
823 1466 989 1515 Biennium...
1005 1474 1067 1529 per·

116 1537 179 1596 quid,
198 1536 307 1602 qualche
330 1537 416 1585 lavoro
438 1536 559 1599 agricolo
610 1545 734 1602 petuam,¹
753 1555 774 1597 e,
788 1555 838 1588 con
851 1537 870 1585 il
882 1537 1066 1594 dimostrativO,

115 1602 162 1653 Clr.
180 1607 198 1654 il
217 1622 255 1669 gr.
268 1604 345 1672 ἔργον
363 1608 395 1656 ed
407 1609 479 1656 Eun.
495 1620 560 1667 2203

114 1675 203 1726 Heaut.
220 1688 261 1739 72,
277 1689 323 1743 733
337 1679 416 1727 Phor.
429 1688 494 1741 2503
509 1695 559 1728 ecc.

116 1770 143 1781 -·
155 1747 255 1813 facere,
276 1750 320 1797 sel.
340 1765 415 1806 tunm
433 1748 478 1797 cfr.
498 1763 560 1809 401.

119 1817 218 1866 Vtinam
237 1821 348 1883 quidem,
368 1820 425 1871 sel..
429 1819 522 1883 faciat
544 1836 560 1868 o

110 1887 144 1935 ita
160 1890 199 1937 sit.

144 1968 200 2022 519.
224 1961 300 2020 Quod
322 1978 379 2010 cum
398 1962 482 2010 salute
506 1963 560 2010 cius

104 2029 165 2091 fiat:
182 2030 249 2080 lrase
264 2033 377 2092 ottativa,
392 2032 438 2081 che
451 2034 559 2096 precede

110 2097 127 2145 il
139 2110 254 2150 concetto
269 2103 295 2150 al
313 2103 390 2168 quale
403 2103 425 2152 si
438 2103 557 2160 tilerisce,

113 2184 180 2221 come
192 2172 281 2222 l'altra
294 2176 367 2237 quod
382 2176 474 2223 bonurn
485 2175 560 2239 felix

105 2239 224 2302 faustum
235 2245 275 2293 sit.
287 2270 320 2279 -
332 2261 389 2292 cum
403 2244 557 2304 salutarius,

111 2326 179 2361 senza
197 2314 244 2363 che
264 2330 297 2363 ne
317 2316 392 2363 solfra
410 2315 436 2363 la
455 2331 499 2363 sua
519 2332 559 2364 sa-

47 2427 48 2430 ,
110 2381 165 2432 lute.
185 2411 218 2420 —
239 2387 301 2444 eius,
323 2401 421 2435 monos.
439 2412 470 2421 -
489 2388 559 2435 Nota

109 2451 221 2505 Donato:
249 2456 309 2504 Hoc
332 2472 385 2505 non
412 2465 451 2505 est
474 2458 558 2507 odisse

107 2531 211 2586 patrem,
231 2528 276 2575 sed
296 2535 396 2578 tautum
419 2529 508 2578 timere
528 2544 558 2578 ex

46 2637 47 2640 ,
108 2598 208 2660 proprio
227 2597 330 2646 delicto.
350 2598 468 2647 Servatur
487 2599 558 2648 enim

47 2705 48 2708 ,
108 2664 132 2712 in
150 2682 179 2716 eo
199 2676 225 2717 et
249 2683 322 2717 amor
340 2667 387 2718 filii
415 2678 440 2719 et
464 2671 558 2719 amoris

108 2736 215 2787 affectus.
240 2765 273 2773 —
300 2739 457 2805 defetigarit.
479 2740 507 2790 Si
525 2741 558 2789 ha

106 2805 328 2860 l'alfievolimento
351 2811 378 2859 di
396 2829 413 2859 a
438 2810 477 2875 (in
500 2811 557 2860 fatti

46 2877 47 2880 ’
105 2876 130 2925 in
142 2881 165 2927 A
183 2881 205 2929 si
223 2882 298 2945 legge
312 2881 475 2947 dffatigarit)
489 2883 515 2930 in
529 2898 557 2938 e,-

105 2948 147 2998 clr.
162 2955 242 3014 pario
265 2970 279 3001 e
304 2960 438 3016 antepcrta
464 2950 556 3016 (Trin.

105 3018 181 3085 643);
205 3031 307 3086 parare
333 3024 365 3071 ed
388 3027 557 3087 aeqniptrere

105 3087 172 3152 (Mil.
187 3091 239 3158 12),
250 3097 291 3152 ed,
303 3095 329 3141 in
340 3094 429 3143 ordine
439 3095 463 3142 ai
476 3099 554 3155 nomi,

105 3164 172 3224 capio
190 3180 204 3212 e
219 3166 360 3228 particeps,
373 3173 451 3228 aptus
466 3166 497 3213 ed
516 3167 556 3214 in·

105 3241 183 3294 cptus,
204 3251 256 3283 ecc.

138 3312 197 3365 520.
208 3308 297 3355 triduo
309 3307 355 3354 hoc
363 3314 499 3370 perpetuo,
509 3323 555 3371 per

104 3376 186 3435 questi
212 3387 248 3426 tre
268 3377 360 3441 giomi,
384 3393 459 3427 senza
477 3379 554 3426 inter·

106 3445 204 3495 ruzione
217 3446 374 3512 (perpetuo).
389 3448 486 3511 Questo
503 3448 554 3497 abl.

105 3514 130 3561 di
159 3526 245 3583 tempo
276 3520 409 3577 dilwisce,
441 3521 554 3568 sebbene

104 3600 174 3647 poco,
198 3590 321 3640 dall’ace.
346 3590 373 3637 di
391 3591 487 3649 durata,
508 3591 554 3639 che

102 3652 178 3722 epilt
196 3660 331 3725 frequente
350 3661 377 3709 in
391 3669 455 3710 tutta
473 3662 498 3710 la
517 3661 552 3708 la·

615 1609 698 1659 Plaut.
719 1611 793 1659 Asin.
820 1618 879 1672 235,
904 1619 951 1669 721
973 1615 1067 1671 perpe-

615 1687 690 1728 tuum
717 1695 817 1728 annum
846 1681 922 1727 hunc.
954 1678 1006 1727 Csr.
1038 1677 1068 1726 in

615 1766 675 1800 veee
694 1767 739 1814 per
764 1750 780 1797 l'
792 1752 902 1799 ablativo
927 1749 980 1798 Cic.
1001 1749 1065 1797 Nat.

615 1823 639 1869 d.
660 1833 683 1883 2,
703 1834 753 1884 130
767 1824 910 1886 Aegyptum
929 1822 1011 1869 Nilus
1030 1821 1067 1868 ir·

614 1894 686 1956 rigat
710 1899 735 1940 et
759 1900 811 1941 tota
829 1898 924 1940 aestate
948 1894 1066 1939 obrutam

614 1963 790 2025 oppletamque
809 1971 877 2012 tenet
884 1979 895 2016 ,·
913 1964 954 2010 De
972 1963 1023 2010 div.
1043 1975 1065 2020 ι,

617 2045 656 2093 19,
676 2033 726 2096 383
746 2032 803 2083 Ces.
823 2033 855 2084 B.
876 2034 904 2081 G.
928 2046 948 2090 1,
969 2032 1010 2092 26,
1031 2045 1084 2095 53„

612 2103 646 2154 B.
668 2105 694 2154 C.
719 2118 739 2163 1,
761 2114 784 2167 7,
804 2105 839 2161 6;
859 2103 921 2155 Sall.
943 2105 1001 2167 lug.
1023 2113 1065 2167 54,

616 2188 645 2236 13
665 2190 716 2225 ecc.
736 2175 763 2225 Si
781 2176 835 2224 noti
853 2176 880 2223 in
894 2174 944 2223 fine
957 2176 1003 2223 che
1016 2178 1066 2229 hir,

613 2247 837 2311 accompagnando
874 2263 910 2294 un
951 2245 1065 2309 comple·
1149 2301 1152 2308 ⁴

613 2326 700 2365 mento
719 2318 746 2365 di
765 2326 859 2381 tempo,
879 2317 904 2364 lo
923 2317 1066 2366 determina

613 2388 649 2436 sia
668 2388 700 2435 ad
727 2388 838 2437 indicare
858 2403 911 2435 uno
935 2388 1020 2452 spazio
1038 2388 1065 2435 di

613 2466 700 2522 tempo
711 2460 944 2508 immediatamente
954 2468 1064 2523 passam,

612 2529 656 2587 sia,
676 2545 749 2579 corne
762 2530 815 2595 qui,
829 2531 856 2578 di
869 2537 956 2593 tempo
975 2531 1064 2578 imme·

612 2600 767 2650 diatamente
786 2602 938 2650 successivo.

648 2679 706 2733 521.
719 2674 805 2721 istoc...
817 2674 918 2730 rectius,
935 2693 945 2714 α
959 2688 972 2720 e
983 2672 1064 2720 anche

611 2741 707 2804 meglio
726 2742 752 2789 di
771 2750 869 2806 questo,
889 2758 916 2790 se
940 2739 954 2789 ὲ
981 2743 1064 2806 possi-

611 2813 664 2861 bile
685 2832 707 2860 ».
727 2813 792 2861 Vale
811 2831 824 2861 a
843 2813 904 2870 dire,
931 2814 954 2860 la
974 2822 1062 2872 morte,

611 2900 637 2932 se
656 2884 755 2933 Demea
768 2899 820 2932 non
839 2884 860 2932 si
879 2900 953 2947 possa
965 2880 1012 2945 pit
1026 2885 1064 2932 al-

610 2970 667 3003 zare
683 2955 726 3001 dal
739 2955 810 3003 letto.
824 2981 857 2990 —
870 2957 946 3002 istoc:
959 2954 986 3002 cf
998 2990 1004 3003 .
1019 2967 1063 3016 72.

610 3052 644 3061 —
659 3027 730 3089 potis
749 3033 802 3093 eqt:
821 3026 866 3075 cfr.
889 3025 947 3085 264.
963 3050 995 3059 —
1009 3028 1060 3081 Ita.

610 3096 700 3154 sicum,
717 3095 746 3144 sl.
758 3096 779 3144 E
789 3104 861 3144 usato
876 3097 943 3145 nelle
954 3097 1062 3161 risposte
1079 3127 1082 3135 ·

609 3167 773 3225 affermative,
792 3183 872 3225 come,
898 3168 929 3214 ad
955 3184 998 3224 es..
1018 3169 1061 3215 nei
1094 3192 1099 3206 ·

609 3253 647 3286 vv.
669 3248 728 3300 570,
753 3238 812 3298 642,
833 3239 891 3301 655.
919 3237 1061 3286 Ctesifonte

611 3307 677 3358 lorse
702 3310 735 3358 ha
763 3308 859 3358 riferito
887 3310 903 3356 l’
914 3309 1020 3373 augurio
1035 3324 1060 3357 ‘a

610 3381 666 3428 tutt'
680 3380 745 3429 altro
767 3380 814 3439 phe
838 3379 888 3428 alla
912 3380 994 3428 salute
1017 3380 1060 3429 del

608 3450 694 3513 padre,
720 3466 744 3510 o,
770 3467 796 3499 se
824 3451 881 3509 mai,
911 3453 943 3499 ha
968 3459 1060 3514 potuto

608 3521 774 3585 interpretare
786 3522 833 3570 che
846 3522 862 3569 l'
870 3522 977 3585 augurio
991 3522 1058 3570 fosse

608 3592 663 3640 solo
682 3592 729 3642 che
747 3592 766 3639 il
779 3593 856 3657 padre
869 3593 974 3642 dovesse
993 3601 1059 3641 stare

610 3681 625 3711 a
644 3663 707 3712 letto
726 3660 771 3729 piir
789 3664 816 3711 di
835 3672 871 3712 tre
890 3663 981 3727 giomi.
