2850 4259
501 304 668 348 nonnenon
1023 304 1061 365 37

48 483 49 486 ,
119 434 260 491 Postremo
284 440 336 490 aut
358 429 462 491 desine
484 437 535 491 ant
557 429 634 492 cedo
657 428 795 508 quemuis
817 428 975 490 nrbitmnr:

121 522 160 579 Te
180 522 262 597 plrira
284 520 316 579 in
338 522 396 581 hac
410 539 442 579 re
463 527 588 597 peccare
610 522 778 599 ostendam.
819 522 883 579 DE.
915 522 953 579 Ei
974 517 1064 579 mihil

120 613 197 669 Pater
219 616 281 669 esse
305 608 387 670 disce
409 610 449 669 ab
471 610 537 684 sslis,
562 608 613 686 qui
636 615 706 669 uere
729 608 835 670 sciunt.

1005 626 1063 687 125

121 700 172 757 ΜΙ.
206 701 319 758 Natnra
341 710 373 758 tu
397 697 440 757 illi
462 707 547 777 pater
569 718 610 771 ee,
635 697 766 758 consiliis
789 717 855 775 ego.

119 788 177 848 DE.
206 789 275 847 Tun
289 786 419 848 consiliis
431 789 610 865 quicquam?
643 790 701 848 ΜΙ.
726 768 783 861 Ah,
797 786 822 847 si
834 786 939 865 pergiS,
953 784 1066 847 abiero.

118 878 177 937 DE.
210 876 309 938 Sicine
332 876 419 955 agis?
463 880 521 939 Ml.
553 880 611 1026 affl
614 896 697 1026 1550>
713 875 823 937 totiens
845 877 883 936 de
907 876 1012 936 eadem
1035 895 1067 936 re

119 1160 163 1208 rica
181 1176 225 1225 per
244 1177 295 1210 una
314 1159 439 1226 specifica.
465 1161 562 1209 Trad.:

118 1246 191 1295 spese.

153 1316 207 1366 123.
220 1304 353 1352 Postremo
366 1324 400 1344 =
414 1303 441 1351 in
456 1319 561 1361 somma,

118 1373 142 1421 in
153 1375 233 1424 breve.
248 1373 328 1423 Come
340 1375 456 1438 denique,
470 1374 498 1422 in
508 1373 563 1422 Cic.

119 1445 204 1494 ricorre
220 1446 402 1509 specialmente
420 1445 488 1494 nelle
502 1461 563 1494 enu-

119 1517 255 1566 merazioni.
284 1516 336 1565 cfr.
364 1533 411 1581 per
438 1516 513 1565 l'uso
538 1517 564 1564 di

118 1589 227 1651 denique,
246 1590 307 1638 Per.
327 1588 351 1638 6.
375 1614 407 1622 -
428 1590 494 1646 cedo,
517 1588 564 1635 im·

118 1660 224 1722 perativo
242 1681 277 1699 =
298 1659 401 1717 dammi,
425 1659 563 1718 mostrami,

118 1729 211 1789 dimmi,
225 1746 270 1794 per
282 1738 391 1780 contraz.
406 1730 439 1777 da
451 1727 565 1779 *ce-dato

118 1820 150 1839 =
165 1802 237 1850 hocce
255 1802 335 1858 elato,
354 1801 420 1867 plur.
440 1808 501 1850 cette
520 1817 566 1866 per

118 1867 206 1929 *cedte
234 1889 280 1937 per
308 1869 411 1923 *cedite¹
441 1871 565 1921 Cicerone

118 1941 246 2009 l'adopera
264 1944 334 1994 nello
353 1945 411 1993 stile
430 1943 564 2002 familiare,

119 2014 202 2079 quindi
221 2015 404 2079 specialmente
429 2014 496 2063 nelle
518 2014 566 2063 let·

119 2092 174 2135 tere.
186 2067 206 2136 ὲ
216 2103 251 2135 un
264 2086 393 2151 pirrichio,
404 2086 485 2134 anche
498 2085 567 2134 nella

119 2156 201 2221 poesia
213 2158 325 2218 classica,
336 2172 409 2206 come
420 2173 470 2222 ego,
484 2158 564 2215 modo,

119 2230 172 2287 scio,
197 2244 255 2288 ecc,
282 2246 329 2294 per
355 2228 380 2277 la
403 2235 464 2277 nota
491 2228 567 2292 legge

119 2298 182 2349 delle
200 2300 287 2365 parole
306 2300 458 2365 giambiche.
487 2325 518 2334 -
545 2316 565 2348 c.

119 2386 158 2432 qu.
171 2373 308 2420 arbitrum.
321 2371 398 2419 Trad.
410 2388 416 2419 ι
430 2369 567 2419 chiamami

120 2442 294 2505 quell'arbitro
317 2443 363 2491 che
381 2438 427 2507 piri
447 2441 466 2489 ti
485 2442 574 2506 piace(

120 2514 220 2562 Arbiter
244 2510 258 2561 ὲ
281 2514 350 2562 colui
374 2513 416 2562 dal
443 2512 519 2577 quale
545 2513 569 2561 si

119 2599 149 2630 va
158 2584 213 2649 (per
226 2585 345 2634 decidere
359 2600 410 2632 una
423 2584 567 2649 questione,

50 2691 51 2694 η
120 2670 167 2703 nna
179 2654 241 2720 lite),
262 2656 295 2704 da
308 2673 340 2702 ar
359 2670 405 2720 per
417 2656 455 2703 ad
471 2672 485 2704 e
504 2657 568 2703 biter

120 2739 164 2774 con
187 2728 290 2776 suffisso
308 2735 371 2786 ·tro‚
390 2743 404 2776 e
427 2727 495 2774 dalla
514 2726 567 2776 rad.

120 2797 144 2844 di
161 2800 212 2847 beto
231 2815 247 2848 o
263 2800 322 2859 bito,
334 2795 427 2860 βαίνω,
440 2793 566 2862 βάκτρον,

120 2869 232 2918 baculum
258 2869 307 2935 (=
330 2869 444 2927 bastone,
471 2884 567 2934 appog-

120 2938 159 3001 gio
189 2941 365 3002 nell'andare,
395 2941 438 2990 nel
466 2941 568 2989 cammi-

121 3009 198 3076 nare),
218 3029 271 3063 ecc.

155 3096 210 3145 ¹²4·
231 3086 270 3133 Ei
287 3085 367 3133 milei!
385 3084 484 3133 Demea
509 3081 568 3131 vuol

121 3152 184 3206 dire:
205 3156 304 3205 Povero
326 3172 375 3215 me,
389 3156 435 3204 che
454 3170 513 3203 cosa
532 3153 567 3201 mi

121 3229 186 3274 rocca
198 3227 309 3278 sentire!
329 3228 367 3276 Ei
384 3226 475 3296 quincii
489 3225 569 3290 espri·

122 3310 160 3344 me
185 3298 230 3364 qni
263 3299 421 3347 tammarico.
453 3299 475 3347 E
503 3304 569 3345 stato

121 3375 205 3417 notato
224 3370 272 3418 che
296 3375 387 3435 questa
404 3368 569 3418 interiezionc

122 3436 147 3484 in
167 3440 258 3490 Plauto
284 3458 298 3491 e
318 3442 345 3489 in
369 3440 495 3489 Terenzio
517 3455 570 3487 non

122 3502 135 3554 ὲ
152 3511 202 3560 mai
220 3512 248 3560 in
268 3513 348 3561 bocca
365 3528 380 3560 a
399 3512 492 3561 donne.

159 3592 214 3647 125.
233 3585 327 3643 sciunt,
341 3583 386 3633 sol.
399 3590 490 3648 patres
510 3597 569 3630 esse.

158 3654 213 3703 126.
243 3656 369 3704 Natura⁴
382 3688 405 3703 ..
437 3653 568 3713 consiliis;

618 1162 691 1227 quasi
716 1162 741 1209 la
765 1169 845 1210 stesso
866 1160 1003 1211 differenza
1021 1160 1069 1211 che

618 1234 645 1281 in
670 1240 694 1281 et
717 1233 802 1280 animo
824 1239 849 1280 et
872 1240 970 1281 natura
990 1239 1069 1296 pater

618 1305 660 1354 dcl
684 1320 707 1352 v.
737 1316 796 1364 902.
824 1329 856 1337 —
885 1320 963 1363 cons,
987 1317 1036 1351 con
1060 1302 1070 1351 i

618 1375 689 1440 quali
715 1375 736 1422 si
760 1374 841 1423 forma
866 1374 892 1422 la
913 1391 959 1423 sua
977 1373 1069 1424 educa·

618 1447 699 1495 zione.
719 1446 757 1493 La
775 1446 856 1496 desin.
871 1441 886 1492 ὲ
904 1447 956 1506 ·iis,
969 1462 1011 1494 ma
1024 1445 1069 1495 cfr.

620 1519 680 1567 Did.
701 1527 726 1579 7,
746 1534 759 1565 e
778 1533 801 1565 v.
825 1530 882 1566 121.

658 1599 716 1650 127.
743 1590 805 1636 Tun
833 1606 901 1636 cons.
921 1604 964 1651 qu.
975 1592 995 1646 ι),
1024 1586 1069 1636 sel.

618 1662 681 1725 agis.
707 1658 760 1708 Csr.
783 1676 806 1708 v.
839 1672 895 1709 100.
919 1686 952 1694 -
977 1660 1069 1707 abiero.

618 1731 669 1780 Nei
688 1729 796 1789 Comici,
809 1731 841 1780 ed
862 1731 951 1794 anche,
966 1747 1007 1778 ma
1025 1725 1071 1794 pin

618 1802 645 1850 di
668 1802 739 1860 rado,
765 1802 834 1851 nella
859 1818 934 1866 prosa
957 1801 1070 1861 classica,

619 1874 638 1922 s'
652 1873 769 1921 incontra
799 1874 867 1922 nelle
899 1871 1072 1938 proposizioni

619 1944 755 2009 principali
776 1952 848 1993 nsato
873 1944 1072 1992 assolutamente

619 2015 638 2063 il
658 2015 704 2063 fut.
725 2023 804 2064 anter.
824 2031 870 2080 per
894 2015 913 2063 il
938 2014 985 2064 sut.
1006 2030 1072 2063 sem·

619 2086 687 2152 plice
716 2086 748 2135 ad
778 2087 890 2136 indicare
922 2086 963 2134 un'
984 2085 1073 2134 azione

620 2166 726 2223 pensata
745 2173 817 2206 come
831 2170 898 2207 certa
917 2158 948 2207 ed
963 2158 1072 2205 imman-

620 2228 703 2279 cabile
722 2229 765 2277 nel
789 2229 884 2278 futuro.
909 2229 952 2278 Gli
976 2227 1072 2293 esempi

621 2315 684 2349 sono
709 2301 928 2358 numerosissimi;
957 2299 1002 2348 cfr.
1029 2316 1074 2364 per

622 2372 681 2420 tutti
706 2372 794 2420 Andr.
814 2371 866 2432 640
884 2372 980 2435 aliquis
1006 2372 1075 2419 dicat

624 2463 636 2486 e
658 2443 700 2490 nil
713 2444 878 2506 proteroueris
898 2463 910 2486 ι
935 2442 1074 2490 Multum!

622 2514 743 2562 molestus
762 2521 827 2562 certe
846 2515 870 2563 ei
887 2514 972 2578 fuero
997 2519 1079 2574 atque

621 2586 708 2632 animo
746 2600 840 2632 rnorem
874 2600 982 2650 gessero.
1020 2582 1073 2631 Cic.

621 2656 682 2703 Fin.
702 2668 727 2717 3,
747 2669 772 2715 4,
795 2668 827 2716 14
846 2656 956 2704 multum
979 2656 1016 2703 ad
1038 2671 1075 2714 ea,

621 2742 687 2789 quae
706 2728 865 2789 quaerimus,
880 2727 1015 2791 explicatio
1029 2733 1075 2774 tua

621 2798 672 2845 ista
697 2797 858 2860 preffecerit;
888 2813 939 2847 ecc.
965 2798 996 2845 In
1021 2795 1074 2845 Cic.

622 2864 685 2932 pero
698 2877 791 2932 questo
803 2868 890 2917 futuro
902 2865 917 2916 ὲ
930 2864 975 2933 pin
988 2883 1075 2932 spesso

622 2948 826 3003 accompagnato
848 2940 918 3003 dagli
939 2956 992 2988 avv.
1014 2946 1076 2988 tem·

623 3009 705 3075 porali
729 3027 799 3069 rnox,
819 3018 888 3075 post,
914 3011 988 3066 alias,
1014 3026 1075 3068 ecc,

623 3080 807 3146 specialmente
817 3082 885 3131 nelle
896 3081 1077 3145 formolepost,

623 3153 697 3211 alias,
719 3167 770 3202 ecc.
789 3155 887 3212 videro,
906 3154 1010 3210 videris,
1024 3168 1076 3201 ecc.

624 3222 677 3273 Cfr.
704 3223 746 3272 del
772 3233 839 3273 resto
858 3226 921 3276 Hec.
944 3236 997 3287 700
1017 3230 1080 3288 post

624 3296 653 3343 de
672 3302 754 3343 matre
773 3297 873 3345 uidero.

664 3364 721 3414 128.
753 3366 838 3415 Sicine
869 3368 948 3431 ogis)
977 3389 989 3412 ι
1023 3367 1078 3417 Che

624 3436 701 3485 modo
716 3432 730 3484 ὲ
749 3441 856 3502 questo?
873 3456 894 3485 ι.
909 3439 1021 3488 Micione
1041 3439 1076 3488 sa·

625 3524 686 3558 ceva
699 3525 745 3573 per
763 3509 911 3559 andarsene.
930 3511 1015 3559 Sicine
1033 3527 1079 3575 per

626 3577 734 3637 'sicene
754 3596 800 3644 per
812 3577 920 3646 sic[i]ne.
935 3607 968 3616 -
983 3584 1078 3644 eadem,

624 3649 702 3700 bisin.
723 3667 768 3715 per
787 3651 895 3700 sinizesi.
