2850 4259
730 312 811 371 74
1501 307 1559 354 Ρ.
1604 307 1878 351 rmum-1

725 439 844 499 SA.
914 437 994 496 At
1016 446 1083 496 ut
1107 443 1288 495 omne
1313 433 1547 495 reddat.
1616 438 1735 496 SY.
1783 414 1984 497 (Smne
2007 395 2253 498 reddet:
2304 437 2430 496 tac‘e‘
2452 437 2621 497 modo

1394 543 1466 585 ac
1510 542 1759 601 sequere
1804 526 1937 587 hac.

733 616 855 678 CT.
922 617 1095 676 Heus
1125 616 1292 688 heuS,
1329 615 1495 691 Syre.
1560 615 1675 676 SY.
1722 613 1887 690 Quid
1920 618 2042 677 est?
2104 618 2232 679 CT.

2030 529 2151 589 SA.
2214 529 2290 588 Se
2335 542 2457 587 uor.
2509 528 2620 584 280

2346 618 2543 676 bsecro
2572 624 2625 674 te

1392 705 1611 775 hercle,
1640 703 1950 765 hominem
1976 706 2153 767 istum
2179 705 2625 785 inpunssumum

729 795 922 870 Quam
971 799 1230 872 primum
1276 791 1657 868 absoluitote‚
1706 812 1803 868 ne,
1862 792 1910 853 si
1953 795 2141 874 magis
2193 795 2460 856 inritatus
2508 792 2624 866 siet,

729 882 949 962 Aliqua
995 883 1075 943 ad
1135 893 1364 961 patrem
1418 884 1538 943 hoc
1589 889 1902 961 permanet
1944 896 2125 961 atque
2180 904 2293 964 ego
2339 890 2465 946 tum
2510 901 2628 962 per-

1391 981 1575 1049 petuo
1622 970 1917 1050 perierim.

729 1062 846 1121 SY.
925 1064 1068 1122 Non
1113 1061 1237 1136 fiet,
1287 1063 1452 1122 bono
1498 1060 1699 1121 animo
1750 1066 1855 1121 es:
1924 1074 1991 1124 tu
2032 1081 2169 1126 cum
2214 1063 2316 1124 illa
2366 1073 2425 1123 te
2480 1068 2632 1122 intus

1392 1151 1632 1210 oblecta
1675 1151 1914 1211 interim

733 1243 804 1301 Et
847 1242 1097 1301 lectulos
1141 1238 1286 1300 iube‘
1330 1238 1513 1299 sterni
1557 1238 1733 1300 nobis
1780 1245 1841 1302 et
1883 1240 2076 1320 parari
2121 1247 2337 1303 cetera.

729 1467 760 1513 9
799 1469 862 1501 ne
899 1452 1079 1502 timete.
1106 1448 1212 1497 Cfr.
1240 1449 1405 1500 Plaut.
1441 1450 1628 1514 Amph.

733 1524 867 1585 8103
911 1523 1062 1571 Cure.
1120 1530 1247 1584 1373
1287 1521 1452 1570 Merc.
1492 1521 1628 1579 6143

729 1597 846 1644 Ter.
885 1593 1057 1641 Andr.
1111 1591 1249 1654 8683
1300 1592 1493 1642 Heaut.
1546 1590 1630 1656 85,

741 1676 904 1730 [0523
944 1664 1103 1712 Phor.
1155 1663 1261 1725 664
1310 1660 1362 1726 (e
1413 1663 1464 1711 la
1511 1669 1633 1711 nota

729 1737 866 1787 dello
926 1734 1212 1797 Dziatzko),
1283 1733 1383 1795 803
1412 1748 1424 1793 ς
1485 1734 1630 1798 Virg.

733 1810 861 1858 Aen.
899 1807 946 1865 6,
986 1814 1088 1870 95;
1129 1816 1175 1868 7,
1217 1819 1346 1865 2023
1389 1821 1493 1855 ecc.

801 1878 921 1927 280.
959 1884 1069 1926 ut...
1111 1878 1312 1936 reddat,
1339 1876 1427 1925 sel.
1455 1880 1633 1926 timeo:

733 1951 822 2000 che
847 1965 953 1999 non
979 1948 1050 1997 mi
1075 1949 1160 1996 dia
1186 1955 1314 1997 tutta
1339 1948 1390 1997 la
1419 1964 1632 1998 somma.

733 2048 796 2058 —-
835 2029 958 2080 tace,
1010 2020 1266 2085 pirrichio.
1309 2046 1374 2054 —
1425 2035 1634 2083 sequere

733 2094 838 2150 bac,
879 2092 970 2141 sel.
1009 2093 1099 2140 uia
1118 2107 1134 2138 :
1185 2090 1502 2155 espressione
1546 2105 1634 2139 co-

733 2163 1044 2213 munissima.

802 2233 922 2285 281.
955 2232 1068 2282 Siro
1093 2249 1122 2283 e
1159 2232 1418 2282 Sannione
1444 2233 1633 2282 discor·

733 2321 916 2356 revano
943 2304 1021 2353 sin
1050 2321 1141 2354 ora
1175 2312 1254 2352 tra
1277 2304 1404 2362 loro,
1440 2313 1636 2353 mentre

733 2378 954 2427 Eschino
993 2376 1032 2424 li
1071 2376 1354 2441 precedeva
1392 2375 1529 2425 nella
1553 2375 1636 2424 via

733 2464 875 2498 verso
928 2446 968 2495 il
1016 2446 1128 2496 foro
1179 2444 1233 2511 (a
1279 2448 1450 2495 destra
1498 2445 1635 2495 dello

733 2517 1044 2585 spettatore).
1085 2517 1287 2581 Quand'
1312 2533 1434 2566 ecco
1472 2516 1635 2567 Ctesi-

733 2591 874 2641 fonte
901 2589 1098 2638 chiama
1122 2589 1234 2638 Siro
1260 2605 1350 2653 per
1375 2588 1635 2654 parlargli.

733 2663 808 2711 Lo
836 2661 1040 2711 schiavo
1060 2661 1102 2709 si
1131 2661 1307 2719 ferma,
1330 2676 1358 2709 e
1378 2660 1637 2710 Sannione

733 2733 974 2782 continua
994 2748 1085 2797 per
1109 2732 1160 2780 la
1179 2748 1269 2780 sua
1291 2731 1389 2781 via.
1415 2759 1475 2767 —
1490 2732 1638 2780 Heus

733 2805 854 2852 heus
887 2823 908 2845 «κ
939 2804 1054 2863 Ehi,
1083 2803 1166 2852 ehi
1195 2822 1238 2862 ο,
1267 2819 1358 2867 per
1384 2803 1637 2852 chiamare

733 2875 796 2923 da
831 2873 1060 2923 lo'ntano.
1098 2874 1304 2923 Donato
1342 2874 1393 2922 al
1432 2891 1475 2921 v.
1506 2874 1635 2937 776:

733 2946 903 3008 Quam
928 2946 1061 2995 clare
1087 2946 1236 3004 dicat,
1264 2946 1549 2994 ostenditur
1576 2962 1638 2995 ex

733 3032 794 3067 eo
832 3016 973 3081 quod
1015 3017 1280 3082 praemisit
1314 3017 1457 3076 lzeus,
1497 3026 1636 3066 ante·

737 3104 889 3153 quam
953 3087 1262 3154 loqueretur.
1328 3086 1436 3137 Cfr.
1492 3089 1635 3137 Eun.

737 3171 852 3223 337,
900 3170 1036 3224 53o;
1075 3160 1266 3208 Heaut.
1319 3157 1461 3222 348;
1507 3176 1535 3210 e
1586 3159 1638 3207 di

737 3237 913 3296 questa
965 3231 1252 3280 commedia
1312 3230 1349 3278 il
1408 3247 1457 3281 V.
1517 3230 1636 3293 634.

733 3302 792 3350 L’
814 3301 1141 3351 interiezione
1190 3317 1296 3351 non
1341 3297 1368 3349 ὲ
1417 3302 1639 3367 ripetuta

737 3373 782 3421 al
818 3389 866 3422 v.
907 3373 1024 3436 776,
1074 3373 1129 3422 in
1169 3374 1340 3422 Andr.
1392 3372 1495 3435 843
1535 3389 1635 3423 ecc.

741 3471 799 3480 -
828 3445 1004 3504 istum,
1032 3460 1128 3493 con
1159 3444 1436 3511 dispregio.
1462 3470 1527 3479 —-
1553 3446 1638 3493 in-

725 3516 1117 3579 purissumum5
1160 3515 1250 3565 cfr.
1288 3532 1335 3565 V.
1373 3515 1492 3580 183.
1531 3515 1637 3567 Cfr.

737 3586 874 3652 App.
911 3586 1019 3637 erit.

806 3656 926 3709 282.
957 3659 1272 3710 absoluitote.
1310 3656 1425 3709 Con
1455 3657 1494 3710 il
1518 3657 1633 3726 plu·

2516 1242 2626 1314 285

1740 1452 1845 1501 rale
1881 1453 1919 1500 s’
1942 1451 2147 1501 include
2184 1450 2440 1509 Eschino;
2491 1450 2527 1497 il
2562 1449 2630 1498 fu·

1741 1531 1855 1573 turo
1894 1524 1981 1587 poi
2018 1518 2046 1570 ὲ·
2074 1530 2219 1571 usato
2257 1518 2442 1587 perche
2475 1521 2511 1569 il
2550 1536 2628 1585 pa-

1741 1604 1983 1658 gamento
2022 1590 2226 1643 avverrh
2263 1594 2348 1641 nel
2400 1592 2527 1641 foro.
2563 1591 2630 1639 Lo

1742 1666 1966 1724 Sloman,
1996 1666 2089 1715 che
2114 1665 2263 1715 crede
2289 1665 2382 1714 che
2409 1664 2448 1712 il
2473 1664 2631 1711 futuro

1741 1736 1859 1786 dell’
1882 1736 2184 1801 imperativo
2234 1736 2308 1785 sia
2345 1751 2519 1800 spesso
2556 1749 2629 1782 en-

1743 1807 1914 1867 fatico,
1980 1824 2008 1857 e
2069 1808 2170 1857 cita
2236 1806 2376 1870 degli
2451 1804 2629 1869 esempi

1742 1877 1811 1944 (v.
1853 1889 1971 1943 351,
1995 1889 2129 1943 κ5οο,
2183 1877 2300 1943 583,
2352 1876 2472 1940 817,
2524 1876 2627 1939 845,

1743 1947 1885 2015 977),
1925 1950 1991 1998 ha
2028 1950 2237 2013 ragione
2262 1966 2355 2015 per
2383 1949 2552 1999 alcuni
2585 1946 2629 1994 di

1742 2023 1856 2082 essi,
1908 2020 2164 2087 penaltri
2212 2036 2295 2080 no,
2356 2036 2501 2069 come
2552 2033 2629 2083 per

1743 2100 1924 2158 questo
1974 2099 2164 2142 nostr0.
2216 2118 2280 2127 --
2321 2093 2418 2141 siet
2457 2111 2527 2131 =
2558 2090 2627 2146 sit,

1743 2164 1797 2212 in
1858 2164 2053 2227 origine
2115 2180 2188 2212 un
2244 2163 2492 2221 ottativo3
2550 2160 2625 2209 cfr.

1742 2251 1788 2285 v.
1814 2239 1937 2297 271.
1975 2236 2225 2285 Terenzio
2250 2250 2345 2284 usa
2368 2235 2505 2292 siem,
2530 2233 2626 2288 sies,

1742 2307 1851 2365 siet,
1907 2308 2043 2354 sient
2057 2323 2079 2361 ,·
2135 2306 2297 2355 anche
2342 2306 2561 2370 possiem
2604 2316 2628 2349 e

1743 2377 1919 2425 adsiet.
1971 2377 2413 2426 Ordinariamente
2467 2379 2627 2440 queste

1745 2447 1908 2498 forme
1944 2448 2172 2498 areaiche
2197 2448 2283 2497 del
2320 2445 2627 2511 soggiuntivo

1744 2534 1870 2567 sono
1918 2527 2064 2584 poste
2120 2520 2173 2568 in
2222 2518 2325 2569 fine
2377 2519 2429 2566 di
2485 2530 2626 2572 ver50,

1745 2590 1828 2639 nei
1868 2591 2015 2640 metri
2064 2590 2307 2655 giambici
2346 2606 2373 2639 e
2421 2586 2628 2645 trocaici,

1745 2677 1773 2710 e
1799 2661 1901 2710 alla
1936 2662 2111 2711 chiusa
2148 2661 2285 2710 della
2322 2661 2487 2725 prima
2512 2655 2629 2707 meti

1745 2732 1829 2781 del
1867 2748 2010 2782 verso
2059 2732 2145 2782 nel
2184 2739 2496 2781 tetrametro.
2538 2727 2626 2777 Cfr.

1744 2804 1904 2853 anche
1940 2804 1990 2852 la
2026 2812 2147 2853 nota
2182 2803 2362 2857 critica,
2390 2802 2442 2851 al
2480 2818 2523 2851 v.
2557 2798 2627 2861 83.

1817 2874 1935 2938 283.
1995 2877 2211 2939 Aliqua,
2248 2874 2338 2923 scl.
2394 2876 2522 2922 uia:
2576 2871 2629 2917 da

1744 2931 1963 3011 quaiche
2001 2955 2158 3012 parte.
2199 2945 2302 2994 Cfr.
2346 2946 2504 2994 Phor.
2542 2940 2627 3007 585

1745 3033 2043 3082 uereorque,
2082 3035 2145 3067 ne
2183 3034 2321 3065 uxor
2348 3018 2524 3079 aliqua
2555 3015 2631 3060 hoc

1743 3090 1989 3138 resciscat
2011 3106 2134 3138 mea.
2160 3115 2221 3124 —
2238 3094 2525 3152 permanet,
2546 3094 2627 3133 tra·

1744 3159 1849 3224 peli
1882 3160 1995 3209 sino
2033 3176 2063 3208 a
2088 3160 2335 3224 giungere
2370 3159 2469 3207 alle
2505 3170 2627 3205 orec-

1745 3230 1857 3281 chie
1884 3232 1988 3280 di...
2017 3230 2121 3280 Cfr.
2149 3231 2316 3279 Plaut.
2351 3230 2492 3294 Capt.
2525 3240 2627 3276 220.

1746 3327 1812 3336 —
1825 3309 2095 3367 perpetuo,
2118 3317 2221 3351 una
2238 3302 2378 3350 volta
2404 3316 2492 3366 per
2516 3312 2627 3348 sem·

1742 3389 1851 3440 pre.
1878 3374 2016 3423 Nota
2040 3373 2073 3421 1·
2089 3373 2455 3423 allitterazione
2481 3386 2508 3420 e
2532 3371 2627 3419 l’as·

1744 3460 1963 3494 sonanza
1999 3442 2173 3510 (perp.
2193 3442 2464 3509 perierim)
2502 3454 2627 3491 come

1743 3516 1814 3565 in·
1836 3517 1981 3566 Eun.
2018 3530 2149 3580 1043
2173 3535 2186 3580 3
2214 3515 2366 3565 Pers.
2394 3513 2507 3568 281.
2534 3510 2624 3559 Cfr.

1743 3604 1790 3637 v.
1837 3602 1879 3637 1.

1816 3657 1885 3711 28
1888 3668 1937 3725 5.
1947 3658 2175 3721 lectulos,
2187 3658 2302 3709 letti
2316 3656 2625 3713 tricliniares,
