2850 4259
350 266 409 341 176

732 276 761 319 Ρ.
785 273 922 319 innanti

345 402 523 467 Comminis
544 404 715 481 corruptela
737 411 873 463 nostrum
894 402 1032 462 libernm.

345 498 403 556 ΜΙ.
429 493 568 554 Tandem
592 491 724 570 reprime
747 490 931 552 iract'andiam
954 500 1044 569 atque
1066 492 1106 550 ad
1128 499 1156 553 te
1177 490 1247 553 redi.

345 586 409 646 DE.
435 580 585 660 Repressi,
612 580 696 652 redii.
722 587 810 641 mitto
832 577 991 641 maledicta
1014 578 1136 658 omnia;

1238 595 1297 659 795

344 676 422 733 Rem
446 671 542 750 ipsam
565 681 728 749 putemus:
777 670 891 730 dictum
914 670 973 730 hoc
988 666 1066 729 inter
1082 678 1137 731 nos
1159 670 1211 731 fuit
1228 703 1272 713 -
1333 731 1336 734 ,

345 762 390 821 Ex
412 771 443 822 te
466 762 572 821 adeost
594 769 693 820 ortum
718 792 770 833 -,
796 763 835 818 ne
858 768 892 819 tn
915 763 1034 820 curares
1056 778 1157 820 meum

345 852 432 911 Neue
448 855 503 928 ego
519 850 626 910 tuom?
663 848 823 927 responde.
870 850 928 909 ΜΙ.
952 849 1113 922 Factumst,
1131 857 1191 909 non
1212 868 1300 927 nego.
1376 841 1377 872 ³

344 941 409 1000 DE.
433 940 518 1016 Quor
541 943 622 999 nanc
644 938 725 1016 apud
748 948 779 998 te
801 938 910 1015 potat?
949 956 1026 1014 quor
1048 936 1156 1016 recipis
1182 939 1303 999 meum?

343 1029 430 1104 Quor
452 1026 527 1088 emis
548 1026 684 1101 amicam,
710 1025 827 1088 Micio?
863 1031 990 1104 numqui
1012 1024 1112 1087 minus

345 1116 422 1177 Mihi
445 1116 525 1177 idern
549 1116 595 1178 ius
619 1126 777 1194 aequomst
799 1120 864 1176 esse
887 1116 971 1192 qnod
994 1121 1142 1177 mecnmst
1163 1114 1239 1177 tibi?

343 1353 422 1413 parte.
452 1344 512 1395 Cosi
537 1348 558 1396 si
587 1346 675 1412 spiega
702 1345 799 1410 meglio

343 1419 413 1468 ilicet
439 1419 600 1483 precedente,
630 1418 798 1484 pronunziato

343 1490 376 1537 da
385 1489 542 1539 Micione-
552 1490 798 1538 succurrendumst:

343 1560 452 1624 bisogna
465 1561 628 1626 provvedere.
642 1587 674 1596 —
684 1561 798 1608 Eccum:

343 1631 388 1681 cir.
408 1631 433 1680 la
452 1639 513 1681 nota
530 1632 555 1681 al
574 1649 597 1683 v.
618 1632 677 1681 260.

379 1712 439 1766 793.
453 1710 572 1753 nostrum
588 1704 706 1759 liberum,
718 1701 797 1767 genit.

342 1774 424 1840 plur.;
444 1773 490 1823 cfr.
507 1774 534 1823 la
552 1783 612 1823 nota
631 1790 645 1823 a
664 1790 736 1822 suom
755 1773 798 1823 del

343 1862 367 1895 v.
386 1857 446 1906 4rr.

378 1927 438 1979 794.
458 1918 496 1965 od
514 1924 538 1966 te
558 1917 632 1965 redi:
653 1917 748 1966 rientra
769 1917 796 1966 in

342 1994 384 2048 te;
409 1987 455 2037 cfr.
475 1987 561 2037 Andr.
588 1987 639 2036 622
665 1987 717 2037 Sed
740 1989 796 2038 sine

336 2059 793 2124 paululumadmeredeam‚·Heout.

340 2144 393 2196 920
408 2145 446 2194 sg.
465 2131 536 2179 Prae
554 2131 699 2188 iracundia,
718 2127 722 2193 Ι
738 2131 792 2179 Μι·

340 2201 449 2258 nedem,
478 2217 530 2249 non
555 2218 613 2249 sum
639 2201 715 2265 opud
735 2218 794 2260 me,-

341 2272 414 2322 Oraz.
424 2271 478 2322 Sat.
490 2284 513 2331 2,
525 2285 549 2336 3,
561 2282 612 2336 273
621 2280 700 2337 penes
714 2280 737 2322 te
750 2276 794 2321 es)

376 2353 435 2408 795.
462 2345 534 2392 mitto
559 2344 700 2400 maledicta,
720 2359 793 2393 come

339 2415 417 2464 roto
437 2415 487 2463 ota
512 2414 554 2463 der
581 2431 602 2463 v.
632 2413 688 2479 185·
709 2397 732 2465 i
750 2430 792 2464 su-

338 2485 438 2552 perfluo
456 2492 546 2535 notare
564 2485 611 2535 che
637 2486 674 2550 gli
698 2494 793 2551 spetta-

339 2558 388 2606 tori
424 2556 554 2605 vedevano
591 2572 664 2606 come
704 2565 794 2623 questa

339 2628 421 2677 calma
439 2627 466 2676 di
484 2628 584 2677 Demea
606 2628 673 2678 fosse
698 2629 794 2678 sorzata

339 2716 354 2748 e
372 2700 428 2748 solo
440 2706 587 2764 apparente,
601 2697 694 2765 perche
712 2701 793 2750 conti-

338 2785 421 2819 nuava
439 2770 483 2819 nel
501 2770 605 2821 vecchio
630 2786 665 2819 nn
690 2772 793 2821 tremito

337 2841 468 2901 convulso,
488 2842 535 2891 che
560 2842 655 2891 tradiva
680 2842 705 2890 la
730 2842 793 2891 lotta

336 2913 436 2962 interna
454 2912 496 2962 dei
515 2914 572 2962 suoi
590 2913 746 2963 sentimenti.

374 2983 433 3047 796.
464 3000 518 3033 rem
549 2985 632 3049 ipsam
652 2993 793 3050 putemus:

338 3075 349 3098 ι
372 3056 489 3105 veniamo
516 3054 540 3104 al
567 3056 633 3103 fatto
663 3056 690 3104 in
718 3051 746 3105 se
770 3075 792 3115 ι,

338 3146 350 3167 «
371 3127 505 3191 pensiamo
530 3126 555 3174 al
581 3126 646 3175 fatto
670 3127 697 3175 in
721 3127 748 3175 se
770 3147 792 3176 ι.

337 3197 376 3245 La
400 3198 547 3247 traduzione
572 3197 642 3246 dello
666 3196 793 3263 Stampini

338 3288 350 3312 ι
371 3269 487 3318 mettiam
508 3269 533 3318 le
550 3284 609 3319 cose
627 3269 654 3317 in
667 3269 754 3318 chiaro
770 3287 791 3329 ι,

339 3340 529 3404 ‹aggiustiamo
544 3355 579 3389 un
596 3356 661 3405 poco
673 3340 683 3388 i
695 3340 765 3390 conti
780 3358 790 3380 o

336 3426 388 3460 non
407 3412 485 3461 rende
504 3426 553 3460 con
565 3408 661 3461 fedeltia
675 3411 793 3475 l’espresa

336 3482 408 3532 sione
427 3483 514 3541 latina,
534 3498 580 3547 per
603 3482 630 3531 lo
647 3498 725 3532 meno
747 3497 795 3531 tra·

336 3568 409 3602 scura
426 3555 517 3618 apsaro,
537 3554 584 3603 che
602 3553 635 3602 ha
656 3554 701 3619 qui
725 3569 790 3618 gran

335 3623 428 3688 valore,
456 3624 484 3673 in
511 3624 636 3680 relacione
664 3625 690 3674 al
719 3639 790 3678 verso

1241 1033 1302 1087 800
1332 1049 1336 1064 ²

853 1344 1013 1410 precedente.
1039 1344 1062 1393 ll
1087 1362 1109 1394 v.
1130 1353 1225 1410 putare
1249 1364 1303 1413 pro

852 1416 943 1481 priam.
962 1414 1079 1480 significa
1093 1436 1105 1461 ι
1122 1417 1175 1467 fare
1187 1417 1194 1465 i
1206 1419 1276 1467 conti
1290 1436 1301 1461 ι

852 1485 910 1552 (cfr.
930 1503 955 1553 p.
975 1502 1010 1538 es.
1030 1487 1049 1535 il
1061 1503 1084 1535 v.
1099 1486 1170 1553 208),
1184 1489 1208 1538 di
1228 1486 1302 1555 quie

852 1565 954 1624 passato
979 1575 994 1607 a
1020 1558 1092 1608 volet
1118 1560 1172 1609 dire
1197 1579 1208 1603 e
1231 1562 1303 1610 ricer-

852 1646 917 1690 care,
937 1646 1052 1695 pensare,
1066 1630 1192 1681 discutere
1204 1632 1303 1682 intorno

852 1717 938 1750 anna
956 1716 1015 1750 cosa
1035 1720 1058 1750 ι.

888 1782 947 1835 797.
976 1774 1022 1822 Ex
1049 1779 1072 1821 te
1099 1774 1188 1822 adeost
1209 1781 1301 1834 ortum,

853 1863 865 1888 ι
888 1843 916 1892 iu
935 1844 968 1892 da
986 1850 1011 1893 te
1029 1850 1111 1893 stesso
1129 1861 1144 1893 a
1162 1852 1244 1910 punto
1261 1846 1304 1895 che

851 1931 934 1965 venne
959 1913 984 1962 la
1012 1922 1134 1980 proposta
1158 1934 1190 1978 ις
1214 1916 1262 1969 cfr.
1280 1917 1304 1966 in

850 1986 907 2035 fatti
926 1985 935 2034 i
953 2002 992 2034 vv.
1022 1997 1146 2049 129·r32.
1173 1989 1221 2037 Per
1248 1990 1303 2037 adeo

850 2057 895 2109 cfr.
915 2057 933 2105 il
953 2073 975 2105 v.
995 2056 1055 2118 629,
1075 2064 1144 2107 nota.

883 2126 944 2191 798.
963 2125 1016 2177 cfr.
1035 2129 1104 2194 App.
1124 2130 1178 2178 crit.

883 2210 943 2263 799.
972 2215 1038 2263 quor
1063 2201 1156 2263 receptis
1178 2206 1324 2249 mouent:-

850 2291 862 2315 ι
876 2264 970 2337 perche
988 2270 1030 2318 dai
1049 2270 1141 2320 ricetto
1159 2272 1187 2320 al
1204 2272 1259 2320 mio
1277 2271 1301 2318 fi-

846 2341 964 2407 gliuolo?
981 2359 1003 2391 ι.
1024 2341 1063 2391 Lo
1081 2342 1187 2392 Sloman
1205 2343 1303 2392 ricorda

847 2414 866 2464 il
881 2414 1043 2474 praedarum
1061 2422 1176 2479 receptor
1202 2414 1229 2462 di
1252 2414 1301 2463 Cic.

848 2485 908 2534 Mil.
934 2497 972 2545 19,
994 2492 1034 2548 50.

883 2553 1008 2605 800·801.
1035 2557 1147 2621 nuncque·
1175 2557 1304 2607 ruinas...

846 2634 996 2691 aequomst:
1020 2626 1173 2678 letteraim.:
1204 2648 1215 2671 α
1245 2625 1305 2677 ein

847 2705 915 2748 certo
943 2698 1021 2746 modo
1052 2714 1129 2747 meno
1156 2698 1265 2763 giusto?
1285 2720 1304 2758 ι,

847 2768 937 2835 quindi
958 2788 970 2812 ι
992 2765 1007 2817 ὲ
1026 2768 1092 2819 forse
1111 2770 1224 2834 ingiusto
1239 2766 1305 2836 [non

847 2836 961 2905 giustOJi
993 2858 1013 2887 ι.
1042 2844 1155 2905 numqui
1177 2836 1192 2889 ὲ
1217 2843 1304 2907 parola

847 2917 980 2977 composta
991 2910 1019 2959 di
1035 2928 1107 2971 num,
1122 2930 1136 2961 e
1154 2912 1181 2960 di
1194 2914 1244 2976 qui
1263 2930 1303 2962 an·

847 2983 896 3032 tica
915 2982 998 3031 forma
1016 2982 1042 3031 di
1066 2983 1178 3032 ablativo
1203 2981 1265 3048 (cfr.
1282 2985 1304 3033 la

847 3062 908 3104 nota
926 3053 951 3102 al
966 3070 988 3104 v.
1003 3055 1156 3118 254eivv.
1173 3065 1229 3119 179,
1246 3066 1305 3120 215,

847 3124 912 3188 ecc.)
928 3131 1001 3173 usata
1013 3125 1056 3174 nel
1069 3133 1157 3175 nostro
1169 3126 1251 3189 luogo
1265 3143 1304 3176 co·

847 3213 889 3247 me
901 3195 1033 3261 porticella
1053 3196 1189 3246 indefinita
1204 3198 1305 3262 rispon·

847 3269 925 3318 dente
947 3267 971 3315 al
996 3282 1033 3331 gr.
1055 3283 1122 3323 πως.
1146 3273 1193 3320 Per
1217 3271 1305 3318 otinas

845 3359 884 3379 =
897 3359 909 3383 «
931 3354 985 3388 non
1000 3358 1012 3381 ι
1032 3336 1133 3388 bacterii
1152 3337 1209 3390 solo
1229 3340 1304 3389 ricor·

847 3410 908 3459 dare
925 3410 949 3458 si
966 3411 1061 3468 minus,
1079 3412 1121 3460 sin
1140 3413 1235 3467 eoinus,
1258 3428 1306 3475 quo

847 3483 944 3537 minus,
970 3496 1021 3530 ecc.
1047 3482 1116 3531 della
1140 3498 1222 3548 prosa.
1249 3481 1302 3532 Cir.

847 3552 931 3602 Plaut.
943 3552 994 3615 736
1004 3554 1072 3602 Rud.
1084 3554 1204 3617 Numqui
1212 3554 1301 3603 minus

846 3624 920 3675 taso
939 3639 991 3674 esse
1014 3632 1116 3690 oportet
1134 3624 1251 3676 liberas?
1275 3651 1304 3662 -
