2850 4259
403 289 406 294 ’
506 266 674 342 rnrnrrror

1004 304 1064 363 109

119 428 176 487 GE.
199 429 308 497 Imm0,
319 426 419 486 hercle
442 435 595 503 extorque,
619 423 676 485 nisi
697 424 740 484 ita
764 428 911 499 factumst,
936 429 1066 494 Demea:
1106 493 1109 500 ,

43 525 44 528 ’
118 519 263 575 Postremo
286 534 350 575 non
372 515 517 593 negabit:
541 535 641 576 coram
664 513 762 592 ipsnm
786 516 938 577 cedo,
1255 505 1259 512 Χ

119 607 177 666 DE.
200 605 312 664 Pudet:
348 624 405 665 nec
427 603 500 682 quid
523 624 610 682 agam
633 609 732 680 neque
756 605 830 682 quid
855 604 925 665 huic
945 597 1067 684 ¹respen-

555 695 643 755 deam

1004 698 1066 771 485

118 781 191 844 Scio.
236 785 299 843 PA.
325 782 465 843 Miseram
488 802 548 858 me,
572 784 692 845 differor
715 782 881 845 doloribus.

72 939 77 950 ‚
118 873 190 931 Iuno
203 870 325 946 Lucina,
342 874 386 931 fer
401 890 508 951 opem:
542 892 629 933 serua
643 893 691 933 me
707 875 842 933 obsecre.
889 874 955 933 HE.
973 869 1069 933 Heml

118 962 195 1021 Num
221 981 291 1021 nam
313 963 373 1022 illa
403 981 514 1038 quaeso
544 961 693 1040 parturit?
738 963 800 1022 GE.
830 963 928 1036 Certe,
962 961 1069 1040 Hegio.

118 1140 204 1200 illaec
216 1095 318 1200 'fidem
340 1157 422 1201 nunc
444 1049 884 1219 uestraffnpiiriii,¹nemea,
908 1113 909 1116 Ἴ

118 1229 205 1304 Quod
228 1238 285 1289 uos
308 1227 354 1289 uis
376 1229 464 1308 cogit,
489 1231 522 1290 rd
543 1232 697 1291 uoluntate
720 1236 857 1308 inpetret.

150 1440 210 1505 483.
229 1443 337 1493 Immo...
352 1449 482 1506 extorque.
501 1443 565 1492 Rin-

119 1512 181 1561 sorza
208 1512 295 1563 l'idea
322 1513 365 1564 del
389 1529 485 1577 quam
510 1530 566 1563 rem

118 1585 276 1650 precedente3
291 1600 364 1635 come
382 1601 408 1634 se
421 1585 453 1635 G.
466 1585 565 1635 volesse

118 1656 183 1706 dire:
208 1656 298 1705 sammi
317 1656 460 1706 confessare
479 1657 504 1706 la
522 1673 565 1706 ve-

119 1725 169 1789 rita,
197 1728 279 1776 anche
307 1743 356 1776 con
385 1723 429 1792 piir
457 1727 567 1778 terribili

118 1798 208 1848 misure
238 1797 281 1848 del
312 1800 418 1847 uincire.
450 1801 481 1848 In
509 1799 566 1849 fatti

117 1876 238 1934 extorque
256 1870 374 1918 contiene
392 1869 420 1918 in
440 1866 467 1918 se
485 1870 501 1918 l’
510 1871 567 1920 idea

117 1940 157 1990 dei
182 1948 312 2004 torquere,
337 1941 427 2005 quindi
451 1942 493 1990 dei
515 1949 566 1991 tor-

118 2018 206 2060 menta.

150 2081 211 2144 484.
225 2084 340 2148 negabit:
356 2082 402 2133 scl.
417 2084 567 2133 Aeschinus.

119 2179 148 2189 -
167 2170 253 2203 coram
272 2156 358 2219 ipsum
377 2140 449 2203 ccciv:
468 2154 568 2204 mettilo

117 2243 131 2274 a
143 2225 224 2274 faccia
236 2242 251 2273 a
264 2225 344 2275 sarcia
354 2241 403 2274 con
413 2242 463 2276 me.
476 2228 568 2291 Ipsum

117 2294 249 2361 eoggetto
267 2297 294 2345 di
308 2298 365 2344 cedo
384 2295 440 2361 (cfr.
454 2312 476 2345 v.
494 2297 568 2361 123);

118 2363 209 2433 perch}
229 2385 314 2417 coram
334 2362 348 2414 ὲ
367 2368 493 2431 avverbio,
513 2384 569 2417 nes·

118 2455 180 2488 suno
199 2440 316 2488 scrittore
341 2438 425 2503 prima
446 2440 472 2488 di
496 2439 569 2488 Cice·

118 2525 176 2560 rone
189 2511 290 2560 avendo
309 2517 382 2559 usato
394 2527 480 2559 coram
497 2526 570 2560 come

117 2581 300 2647 preposizione.

150 2652 213 2717 485.
226 2653 327 2703 Pudet:
349 2656 498 2717 Vergognai
517 2653 569 2701 Do·

117 2732 187 2775 nato:
202 2725 316 2774 Aversus
328 2725 376 2774 hoc
390 2724 452 2773 dicit
471 2731 495 2773 et
513 2741 570 2789 per·

119 2796 236 2844 turbatus
254 2794 360 2846 Demea.

151 2864 215 2927 486.
243 2866 340 2928 Queste
364 2867 437 2931 grida
464 2866 571 2915 dall'in-

119 2944 191 2986 terno
210 2937 279 2986 della
297 2953 379 2997 scena,
393 2934 449 2987 cioe
467 2937 572 2986 dail’in-

118 3016 191 3058 terno
220 3008 287 3057 della
314 3025 371 3058 casa
399 3009 425 3057 di
453 3009 572 3066 Sostrata,

1007 1249 1070 1306 490

620 1442 718 1501 schlee,
738 1443 819 1494 Schol.
841 1444 867 1491 T
866 1460 911 1499 er„
931 1459 956 1507 p.
980 1441 1021 1503 36.
1047 1440 1074 1490 si

619 1515 693 1579 pensi
711 1531 785 1565 come
803 1513 867 1563 dori
886 1514 1011 1563 rimanere
1027 1529 1073 1561 an·

619 1601 678 1635 cora
703 1584 749 1652 piir
776 1587 943 1636 imbarazzato
967 1585 1073 1642 Demea,

619 1659 666 1707 che
684 1674 734 1723 pur
752 1658 834 1722 prima
851 1672 903 1705 non
922 1672 1015 1721 sapeva
1027 1655 1074 1705 che

620 1729 673 1778 fare
704 1725 737 1777 ne
767 1730 814 1778 che
844 1727 1007 1792 risponderei
1042 1751 1073 1761 -

620 1800 744 1863 differor.⁸
770 1801 855 1848 Don:
879 1798 1003 1856 Diveilor,
1024 1797 1075 1846 dis·

620 1871 727 1929 crucior,
755 1871 885 1920 dilaceror.
912 1870 968 1921 Con
996 1869 1075 1933 signi·

621 1942 695 1993 ficato
723 1940 800 1992 affine
826 1948 926 2007 questo⁴
941 1941 1019 1990 verbo
1044 1941 1076 1988 ri·

622 2030 692 2063 corre
711 2013 738 2060 in
760 2013 842 2062 Plaut.
868 2012 927 2060 Mil.
959 2011 1025 2074 1163
1050 2027 1076 2058 a·

622 2102 717 2134 more...
736 2085 839 2148 dr'fflrri
848 2102 857 2139 ,·
876 2083 954 2132 Pocn.
973 2083 1019 2146 156
1038 2098 1076 2145 sg.

622 2157 740 2220 Differor
761 2154 905 2219 Cupidine,·
924 2154 1005 2203 Truc.
1025 2164 1073 2216 701

622 2228 721 2276 laetitia
740 2227 867 2290 differor,·
885 2229 936 2275 ece.

658 2296 719 2359 487.
731 2299 799 2345 Iuno
810 2297 911 2346 Lucina
918 2314 926 2345 :
937 2295 960 2344 la
970 2296 1018 2345 dea
1031 2296 1078 2344 che

622 2370 744 2419 assisteva
768 2369 791 2417 ai
818 2367 901 2432 parti3
928 2367 973 2415 cir.
1003 2366 1077 2415 Ovid.

624 2442 695 2490 irase
717 2454 739 2501 2,
764 2453 817 2503 449
843 2455 880 2502 sg.
910 2439 1001 2487 Gratia
1025 2438 1078 2486 Lu·

623 2513 703 2560 cinae.
730 2512 800 2560 dedit
820 2512 881 2558 haec
905 2511 951 2558 tibi
974 2510 1079 2557 nomina

624 2583 706 2639 lucus,
722 2585 780 2630 Aut
790 2583 852 2644 quia
861 2581 1025 2646 principium
1038 2588 1076 2638 tu,

625 2655 679 2710 dea,
698 2654 765 2702 lucis
782 2653 865 2701 habes.
888 2653 936 2700 Per
961 2651 1025 2699 altro
1044 2651 1080 2699 tal

624 2724 694 2773 volta
710 2726 780 2773 Iuno
794 2723 894 2771 Lucina
914 2737 956 2771 era
970 2723 1080 2771 tutt'una

626 2811 685 2844 cosa
703 2811 752 2843 con
771 2794 861 2852 Diana,
882 2811 896 2843 e
915 2800 1005 2859 questa
1029 2793 1080 2841 alla

626 2883 671 2916 sua
702 2866 772 2915 volta
798 2880 847 2914 con
872 2864 958 2914 Ecate.
984 2865 1031 2913 Per
1056 2864 1081 2914 la

626 2946 706 2988 stessa
733 2936 896 2986 invocazione
922 2936 966 2984 cfr.
993 2937 1078 2984 Andr.

626 3020 697 3074 473;
716 3009 799 3057 Plaut.
818 3008 881 3056 Aul.
906 3008 954 3068 691
982 3022 1018 3070 sg.
1049 3033 1080 3043 -

119 3095 166 3129 son
189 3095 271 3143 segno
295 3080 342 3129 che
366 3079 464 3129 Panfila
488 3075 503 3129 ὲ
529 3096 574 3145 per
619 3081 669 3145 fer
687 3088 758 3144 opem
777 3079 822 3128 sel.
837 3080 938 3143 partui.
964 3104 995 3113 -
1020 3077 1082 3127 Hem

120 3152 252 3216 partorire.
271 3152 302 3200 In
321 3151 380 3201 tutti
399 3152 408 3199 i
427 3151 515 3210 codici,
529 3167 573 3199 an-

119 3222 167 3271 che
186 3223 231 3272 nel
249 3221 421 3281 Monncrmii,
442 3237 494 3271 non
513 3218 575 3287 peri)

120 3293 163 3343 nel
177 3294 276 3353 Bemb.,
289 3293 314 3342 al
332 3309 409 3343 nome
428 3293 454 3342 di
472 3289 575 3344 Panie

120 3365 246 3428 aggiunto
269 3366 342 3413 intus
370 3363 506 3426 (accettato
534 3364 575 3413 dal

119 3433 333 3499 Fleckeisen2)‚o
352 3438 424 3485 r'ntus
443 3436 577 3492 clamabat,

121 3522 197 3556 senza
215 3506 313 3556 dubbio
325 3507 487 3556 annotazioni
499 3508 575 3557 inter·

121 3576 214 3627 lineari
224 3578 250 3626 di
263 3577 382 3641 scoliasti,
391 3586 521 3643 penetrate
534 3578 578 3643 poi

122 3648 165 3698 nel
193 3655 276 3709 test03
305 3648 349 3700 cfr.
378 3664 424 3715 per
448 3649 511 3700 altro
535 3648 577 3700 Fr.

628 3152 714 3200 indica
732 3150 777 3216 qui
795 3150 891 3214 grande
910 3164 1034 3215 sorpresa.
1056 3156 1059 3164 '

663 3221 725 3284 488.
738 3222 838 3286 Egione
852 3221 923 3286 parla
936 3238 950 3269 a
963 3221 1036 3270 Geta.
1050 3247 1083 3255 -

629 3310 689 3343 nam
709 3289 723 3342 ὲ
742 3293 866 3356 aggiunto
892 3308 907 3340 a
931 3309 994 3339 num
1020 3289 1084 3356 (allo

629 3372 709 3414 stesso
728 3364 804 3412 modo
818 3363 865 3411 che
878 3363 973 3412 altrove
986 3378 1001 3411 a
1016 3365 1082 3425 quis,

630 3437 700 3500 quia,
730 3433 794 3500 ecc.)
821 3449 914 3482 ancora
942 3434 968 3481 in
997 3434 1083 3483 Andr.

632 3518 702 3572 591:
721 3507 793 3555 Eun.
814 3504 882 3559 286;
901 3505 998 3554 Heaut.
1025 3514 1085 3567 517.

665 3576 726 3639 489.
746 3578 843 3625 Illaec:
863 3574 969 3624 Panfila.

666 3661 729 3711 490.
747 3646 775 3698 Si
793 3646 880 3697 allude
897 3663 915 3696 a
940 3662 976 3696 un
1001 3646 1084 3696 matri·
