2850 4259
486 303 654 348 ennmnon
1007 309 1049 370 49
1132 308 1134 310 ’

48 393 50 488 i
99 434 155 494 AE.
188 430 217 489 Si
239 429 434 509 possiderem,
458 438 580 491 ornatus
603 450 683 492 esses
707 438 745 492 ex
767 429 826 492 tuis
850 428 1019 495 uirtsrtibus.

100 523 150 581 SA.
183 519 263 595 Quid
285 519 342 581 tfbi
364 520 408 581 rei
431 521 597 582 mecumst?
643 524 709 585 ΑΕ.
747 523 808 584 Nss.
832 547 833 550 ¹
855 523 912 581 ΒΑ.
948 519 1049 608 Quid?

48 641 50 646 ⁴
374 610 476 670 nostin
499 616 551 687 quf
574 609 652 671 sim?
699 613 764 675 AE.
805 612 876 671 Non
899 610 1049 672 desidero.

99 702 150 762 SA.
186 699 306 776 Tetigin
328 698 372 759 tui
396 699 574 777 quicquam?
620 703 685 761 ΑΕ.
723 699 755 760 Si
778 699 936 778 ettigisses,
960 702 1051 761 ferres

376 787 581 850 infortrininm.

98 879 147 937 SA.
180 880 239 955 Qui
262 877 319 939 trbi
341 877 435 956 magis
457 877 527 939 licet
550 897 649 939 meam
676 880 797 953 habere,
831 887 887 958 pro
911 896 971 956 qua
994 898 1051 958 ego

48 975 49 1046 j
374 973 529 1046 argentrim
553 966 647 1027 dedi?

98 1057 259 1135 Responde.
311 1059 374 1121 AE.
416 1059 496 1117 Ante
525 1056 608 1116 aedis
639 1064 703 1116 non
730 1055 834 1119 fecisse
865 1057 922 1120 erit
945 1056 1052 1121 melius

376 1144 425 1207 hic
447 1145 640 1207 conuicium:

98 1391 139 1424 con
161 1377 328 1426 Parmenone.
350 1402 381 1410 -
408 1377 540 1436 nunciam,

98 1446 229 1505 trisillab03
250 1447 295 1497 cfr.
315 1463 338 1497 v.
363 1447 420 1511 156.
441 1474 473 1482 -
492 1449 539 1505 rei,

98 1534 184 1566 monos.
199 1534 244 1584 per
256 1518 328 1569 siniz.
342 1544 375 1553 —
389 1534 539 1583 regnumne.

97 1588 141 1638 Cfr.
161 1590 239 1638 Phor.
261 1598 312 1653 405
340 1589 410 1638 solus
435 1605 536 1653 regnas.

97 1660 174 1710 Anche
205 1661 231 1709 in
259 1660 312 1711 Cic.
342 1660 472 1709 ricorrono
499 1677 539 1709 re·

94 1748 165 1795 gnum
194 1747 208 1783 e
234 1747 345 1795 regnare
373 1733 400 1781 in
428 1731 539 1797 analogo

96 1802 235 1865 significato.
267 1803 320 1854 Cfr.
353 1803 420 1853 Sull.
449 1815 473 1865 7,
506 1816 537 1853 21

96 1873 139 1921 Hic
150 1875 187 1924 ait
203 1891 228 1923 se
246 1875 297 1932 ille,
310 1874 415 1935 iudices,
429 1890 539 1938 regnum

96 1960 166 1992 meum
177 1944 257 2010 ferre
276 1961 329 1993 non
345 1952 420 2009 posse
431 1982 437 1995 .
450 1980 473 1993 ..
494 1948 539 1994 An

95 2022 164 2065 tum...
184 2034 237 2065 non
256 2017 319 2065 dicis
339 2032 376 2065 me
389 2015 480 2080 fuisse
497 2033 538 2065 re-

93 2101 147 2148 gem,
170 2105 241 2136 nunc
265 2087 403 2151 privatum
428 2104 538 2153 regnare

95 2157 170 2207 dicis)
189 2159 221 2208 ed
234 2160 338 2208 altrove.
353 2182 386 2194 -
403 2160 451 2219 hic,
466 2159 538 2209 nien·

95 2233 186 2278 temeno
201 2231 252 2295 qui¹
267 2229 295 2277 in
314 2230 406 2289 Mene,
420 2230 465 2278 ubi
474 2246 536 2295 gra-

93 2299 143 2347 vius
161 2303 257 2350 crimen
276 2307 314 2349 est
331 2301 463 2350 dominari
474 2300 538 2350 velle

94 2367 184 2436 (non).

127 2444 179 2504 176.
193 2450 313 2503 ornatus,
328 2442 434 2501 ironice,
451 2463 463 2486 ι
478 2459 537 2492 con·

93 2512 151 2561 cisto
171 2533 191 2565 ι,
220 2514 272 2564 Cfr.
300 2515 397 2563 Heaut.
421 2522 474 2579 950
499 2530 537 2579 sg.

93 2584 146 2632 adeo
174 2591 332 2634 exornatum
362 2586 434 2644 dabo,
466 2587 537 2635 Adeo

94 2655 208 2717 depexum
237 2663 268 2705 ut
292 2657 354 2705 dum
383 2656 462 2704 uiuat
488 2674 536 2706 me·

93 2727 186 2776 minerit
211 2735 311 2791 semper
337 2727 393 2776 mei.
421 2728 466 2776 Ma
491 2724 536 2793 pin

93 2798 214 2847 conforme
242 2799 267 2847 al
296 2804 383 2847 nostro
411 2797 492 2863 luogo
523 2796 537 2847 ὲ

93 2866 167 2918 Plaut.
189 2869 262 2933 capt.
286 2879 356 2934 997;
378 2869 423 2918 cfr.
443 2885 537 2920 ancora

94 2938 152 2990 Rud.
182 2952 241 3003 730.
268 2966 301 2976 -
328 2957 367 2999 ex,
396 2941 535 3001 conforme,

92 3014 201 3062 secondo.
226 3010 279 3060 Cfr.
305 3028 328 3060 v.
348 3021 397 3075 371
424 3028 456 3061 ex
478 3029 535 3062 sen·

92 3083 162 3130 tentia
172 3101 182 3138 ,·
200 3082 283 3132 Plaut.
303 3082 375 3148 Capt.
393 3094 462 3146 9973
484 3099 534 3133 ecc.

92 3150 134 3200 Dei
163 3161 229 3204 resto
262 3154 343 3203 anche
374 3154 442 3204 nelle
474 3153 535 3204 frasi

91 3221 189 3274 ciceron.
216 3242 247 3273 ex
270 3241 347 3283 more,
369 3241 401 3274 ex
425 3225 536 3291 lege,'ex

91 3295 207 3355 opinione,
227 3312 278 3345 ecc.
300 3312 331 3344 ex
348 3297 382 3345 ha
402 3296 428 3344 lo
455 3303 535 3347 stesso

92 3363 175 3416 valore.
197 3393 227 3403 -
247 3368 392 3416 uirtutibus
405 3388 441 3408 =
454 3388 466 3411 ι
482 3385 535 3417 me-

91 3433 127 3482 riti
144 3436 269 3502 »(iron.);
288 3438 360 3504 quasi
375 3438 442 3488 fosse
455 3438 551 3505 Sami⁸¹

88 3506 203 3566 plurimis
215 3518 240 3559 et
254 3510 418 3574 gravissimis
433 3511 534 3559 artibus

91 3582 159 3639 atque
176 3582 316 3630 virtutibus
334 3581 501 3630 instructus!

125 3658 179 3712 177.
192 3654 237 3713 rei,
249 3667 357 3715 monos.;
379 3652 424 3703 cfr.
438 3668 461 3701 v.
476 3662 533 3717 175.

991 1150 1050 1207 180

597 1404 628 1413 —
645 1379 692 1443 qui
709 1379 766 1434 sim.
785 1394 838 1428 non
852 1399 864 1422 ι
881 1379 921 1428 chi
935 1379 961 1427 io
974 1378 1011 1428 sia
1029 1397 1050 1438 ι,

597 1465 638 1498 ma
667 1471 678 1493 ‹
706 1450 783 1515 quale
811 1466 888 1498 nomo
918 1450 944 1498 io
962 1451 1001 1498 sia
1029 1468 1051 1498 ι.
1073 1507 1074 1510 ¹

596 1523 626 1569 111
646 1522 705 1569 tutti
725 1521 734 1569 i
754 1521 834 1586 tempi
861 1522 929 1571 della
949 1517 1053 1578 Jatinitc

594 1608 640 1657 per
658 1592 735 1641 solito
754 1592 775 1640 si
804 1593 829 1640 fa
854 1593 989 1642 differenza
1014 1600 1053 1641 tra

593 1664 628 1727 gl'
639 1663 816 1727 interrogativi
829 1665 888 1728 quis
902 1681 915 1714 e
929 1666 989 1728 qui:
1002 1679 1052 1712 con

593 1735 612 1782 il
631 1735 717 1799 primo
736 1735 758 1782 si
777 1735 905 1784 domanda
929 1735 949 1784 il
970 1751 1051 1795 nome,

594 1821 643 1854 con
670 1806 688 1854 il
708 1808 821 1855 secondo
844 1806 869 1854 la
892 1803 1001 1870 qualite),
1027 1806 1053 1854 la

594 1884 700 1936 natura,
722 1877 741 1926 il
760 1885 887 1926 carattere
906 1877 974 1926 della
993 1893 1051 1942 per·

594 1963 665 1997 sona.
878 1943 881 1947 ’

633 2017 689 2081 178.
711 2021 759 2080 tui,
779 2033 877 2068 monos.
895 2045 926 2054 -
938 2018 1050 2082 ferres:
1094 2043 1097 2050 ⁴

594 2090 638 2139 cfr.
659 2090 684 2138 la
703 2097 764 2139 nota
783 2090 807 2138 al
827 2108 849 2139 v.
873 2090 931 2138 106,

632 2172 690 2224 179.
713 2162 765 2222 Qui
783 2184 816 2204 -π
836 2163 982 2225 quomodo,·
1004 2162 1032 2212 cf
1043 2198 1049 2213 .

593 2249 615 2280 v.
637 2244 696 2297 254.
717 2261 750 2268 -
771 2234 861 2298 magis,
876 2228 931 2281 cioe
946 2231 990 2298 pii
1004 2234 1051 2283 che

592 2320 607 2351 a
627 2320 667 2353 me
686 2319 739 2352 non
758 2305 795 2353 sia
810 2318 941 2369 permesso
955 2304 981 2353 di
996 2311 1049 2354 toc-

592 2390 649 2424 care
665 2375 689 2424 le
705 2390 765 2425 cose
785 2383 837 2424 tue.
852 2401 885 2409 -
901 2391 990 2434 meam,
1004 2376 1050 2427 scl.

592 2445 726 2495 mulierem
734 2464 745 2503 ,·
765 2446 809 2496 cfr.
829 2461 851 2496 v.
875 2443 943 2506 198:
966 2442 1051 2496 euna

591 2516 659 2566 delle
676 2513 722 2581 piir
745 2517 873 2583 frequenti
901 2516 980 2566 ellissi
1007 2517 1050 2568 del

592 2589 740 2637 sostantivo.

631 2658 689 2707 180.
704 2659 803 2723 fecisse
822 2674 875 2708 non
893 2655 907 2707 ὲ
926 2676 962 2708 un
982 2660 1048 2726 perf.

591 2730 710 2778 coristico
729 2738 802 2779 usafo
814 2747 860 2796 per
879 2730 898 2778 il
912 2747 987 2796 pres„
1008 2748 1049 2781 ma

591 2801 703 2850 bavero
723 2802 807 2851 valore
833 2802 860 2850 di
879 2810 966 2868 tempo
989 2819 1049 2868 pas·

591 2880 654 2931 sato,
675 2888 747 2921 come
767 2871 859 2922 l'infin.
879 2873 943 2938 perf.
963 2874 1011 2922 che
1034 2870 1049 2921 ὲ

591 2943 618 2991 in
629 2937 833 3006 nolle'mfactum
841 2941 875 3008 (v.
887 2941 956 3009 165).
968 2943 1048 2995 Come

591 3016 673 3079 quest*
685 3014 777 3062 ultima
801 3015 935 3065 locuzione
959 3015 992 3065 ha
1015 3017 1048 3065 si·

591 3084 711 3150 gnificato
732 3086 832 3134 diverso
857 3086 889 3134 da
915 3086 1003 3151 quello
1021 3088 1048 3136 di

591 3156 718 3205 locuzioni
737 3155 816 3205 simili
834 3157 861 3205 in
873 3158 967 3206 Plauto
987 3174 1002 3208 e
1021 3158 1048 3208 in

591 3227 724 3286 Teremio,
747 3244 769 3286 e,
790 3244 814 3292 p.
835 3243 866 3287 e.,
886 3229 919 3277 da
938 3237 962 3277 te
981 3230 1048 3279 leva·

592 3307 646 3348 tum
665 3300 722 3346 volo
741 3298 768 3346 di
787 3297 840 3349 Cic.
866 3300 894 3360 Q.
905 3300 951 3363 fr.
971 3313 995 3364 3,
1022 3318 1046 3365 9,

591 3383 606 3432 3
621 3388 626 3432 ;
640 3372 749 3418 inanitas
762 3386 802 3417 eos
818 3370 882 3428 volo,
899 3371 953 3419 Cat.
965 3384 988 3430 2,
1007 3384 1046 3431 12,

592 3451 642 3502 27;
668 3455 728 3499 ecc,
756 3438 808 3489 cosi
836 3456 889 3490 non
915 3441 994 3490 fanno
1023 3442 1047 3492 al

590 3526 649 3559 caso
669 3520 757 3560 nostro
776 3511 812 3575 gli
838 3513 936 3576 esempi
959 3513 985 3563 di
1007 3514 1046 3563 in·

590 3581 633 3630 fin.
654 3583 749 3643 aorist„
769 3583 841 3647 Virg.
867 3587 931 3631 Aen.
954 3583 978 3644 6,
1004 3584 1046 3648 78,

590 3655 730 3704 bacchatur
761 3661 832 3703 vates
865 3670 987 3719 magnum
1024 3658 1048 3705 si

899 3792 918 3845 4
