2850 4259
480 320 650 365 rnnnrnor
1002 305 1043 380 69

43 461 44 468 ¹
43 445 256 521 Maledlcta
279 448 399 521 famam,
427 453 528 509 merim
559 449 694 508 laborem
721 457 751 507 et
777 452 934 525 peccatum
959 444 1045 506 inse

43 543 45 592 ῐ
528 536 699 597 transtulit:

43 595 45 688 l
102 621 143 683 Nil
157 626 253 703 potest
274 644 374 705 supra.
412 625 487 704 quid
502 634 573 687 narn
588 626 660 687 foris
675 623 810 704 crepuit?
848 628 907 687 SY.
942 625 1042 697 Mane,

531 733 642 779 mane:
682 714 747 794 ipse
769 721 830 775 exit
852 717 939 775 foras.

98 968 154 1025 prae
165 977 215 1010 meo
227 963 354 1011 commodo
367 982 402 1002 =
414 963 465 1011 mei
476 977 540 1010 com-

43 1087 44 1096 *
101 1033 159 1081 modi
186 1034 373 1098 comparatione
403 1029 537 1097 (Donato).

101 1100 145 1152 Cir.
163 1104 226 1168 App.
244 1105 298 1153 crit.

43 1219 44 1222 ,
130 1174 183 1238 263.
197 1175 355 1225 Maledicta:
374 1175 419 1225 cfr.
434 1176 458 1225 la
472 1176 539 1226 irase

101 1245 250 1295 maledicere
268 1246 355 1296 alicui.
378 1274 411 1283 -
421 1247 538 1311 fartam,

100 1315 230 1367 discredito.
246 1318 413 1376 -laborem,
428 1319 537 1380 affann0,

101 1387 216 1451 travagli0,
241 1389 366 1453 angustie.
392 1389 444 1441 Cir.
469 1391 538 1456 App.

100 1458 147 1508 crit.
165 1485 195 1494 —
214 1462 241 1509 in
260 1477 286 1509 se
304 1462 445 1511 transtulit
463 1483 499 1503 =
517 1462 539 1509 si

100 1528 205 1580 addossb.

129 1601 184 1663 264.
204 1603 255 1651 Nil
274 1610 361 1668 potest
383 1610 473 1667 supra,
494 1604 538 1653 scl.

98 1688 143 1721 esse
158 1672 197 1722 vel
214 1675 271 1723 dici.
280 1681 368 1739 potest
378 1696 413 1716 =
421 1680 482 1738 pote
494 1682 538 1724 est.

98 1743 160 1802 Pete,
179 1745 218 1793 nei
237 1744 344 1805 Comici,
370 1746 391 1794 si
412 1754 481 1795 ποτε
500 1748 538 1796 in·

98 1815 162 1863 nanzi
181 1832 196 1863 a
213 1824 369 1866 consonante
387 1814 444 1881 (cfr.
458 1818 537 1866 Pher.

44 1943 45 1952 ¹
99 1884 161 1950 535),
172 1890 326 1951 comepotis,
340 1904 389 1953 pur
399 1904 454 1937 esso
465 1904 539 1937 senza

98 1956 221 2007 differenza
239 1959 265 2007 di
283 1975 378 2023 genere
398 1968 418 2008 'e
443 1960 470 2007 di
491 1976 539 2008 nu-

98 2043 166 2087 mero,
186 2046 199 2078 e
223 2030 412 2088 indeclinabile,
437 2031 538 2078 innanzi

98 2101 208 2160 avocale,
219 2097 273 2150 cine
284 2101 387 2149 innanzi
397 2101 447 2151 alle
457 2101 539 2150 forme

97 2169 120 2217 di
136 2186 186 2219 esse
209 2173 254 2221 che
279 2173 469 2222 incominciano
494 2189 540 2238 per

96 2241 182 2291 vocale.
213 2241 309 2292 Perche
329 2251 390 2307 pote
420 2260 452 2302 es,
480 2251 540 2309 pote

97 2321 134 2370 est,
152 2329 201 2364 ecc.
217 2322 303 2379 presto
315 2316 482 2364 diventarono
492 2324 539 2380 pe-

96 2389 133 2442 tes,
149 2392 238 2449 potest,
251 2401 301 2437 ecc.
316 2387 375 2449 Ora,
390 2386 474 2435 alcuni
488 2387 539 2436 edi·

97 2456 137 2502 tori
150 2464 279 2506 omettono
292 2458 336 2523 qni
352 2459 376 2506 la
388 2457 481 2522 copula
495 2466 539 2517 est,

95 2525 265 2587 giustificando
279 2529 438 2579 l'omissione
452 2545 501 2578 con
515 2529 540 2577 la

95 2598 194 2649 vivacita
210 2600 252 2649 del
266 2600 387 2649 discorso.
407 2602 455 2650 Per
473 2601 490 2648 l’
500 2601 539 2648 in·

95 2667 151 2717 tiera
179 2671 243 2719 irase
274 2671 320 2721 cir.
349 2671 434 2720 Andr.
470 2684 538 2734 120;

94 2739 159 2790 Eun.
175 2751 245 2804 427;
270 2741 380 2791 Cicsad
396 2744 468 2790 Fam.
500 2756 538 2804 14,

97 2821 213 2874 1‚4;ecc.
224 2839 257 2847 -
265 2813 444 2877 potest,foris,
456 2829 538 2873 mane,

94 2881 190 2945 pirrichi
200 2900 246 2949 per
255 2883 280 2932 la
289 2884 366 2948 legge
376 2884 443 2933 delle
452 2884 540 2949 parole

94 2954 240 3015 glambiche.
255 2981 287 2990 -
299 2955 383 3019 foris,
403 2955 539 3019 stagnare,

93 3038 140 3073 non
158 3035 229 3075 usato
248 3026 344 3076 altrove
358 3025 384 3074 in
397 3027 538 3085 Terenzi03

93 3110 130 3144 ma
147 3098 193 3147 cir.
205 3099 231 3146 in
254 3096 354 3160 Plauto,
374 3114 399 3162 p.
419 3114 461 3156 es,
476 3099 539 3147 Aul.

94 3165 156 3231 665;
179 3170 274 3217 Bacch.
300 3183 367 3230 234;
394 3169 452 3217 Mil.
482 3179 539 3233 154.

92 3237 202 3289 Essendo
225 3256 312 3306 presso
337 3242 346 3289 i
373 3240 448 3289 Greci
473 3242 504 3290 ed
532 3241 540 3288 i

93 3308 198 3361 Romani
216 3312 242 3360 in
257 3328 304 3361 uso
316 3320 389 3377 porte
401 3328 416 3359 a
429 3312 479 3362 due
491 3313 539 3361 im·

92 3390 158 3444 poste
174 3381 271 3448 (fores,
291 3380 401 3447 valvae)
416 3384 461 3448 qui
474 3400 495 3431 sr
488 3384 541 3431 'ha

93 3453 122 3500 da
138 3455 270 3505 intendere
290 3456 314 3503 di
334 3470 386 3503 una
405 3455 459 3503 sola
472 3455 540 3504 delle

91 3522 256 3590 imposte-
282 3528 389 3590 crepuit.
420 3526 540 3589 Crepere,

92 3606 239 3662 concrepare
275 3596 323 3663 (gr.
360 3594 480 3661 ψοφεῖν),
512 3597 540 3644 in

91 3666 182 3718 unione
200 3684 248 3719 con
264 3669 351 3733 fores,
375 3669 485 3718 secondo
503 3666 540 3716 al·

595 960 655 1010 cuni
674 956 688 1009 ὲ
706 959 778 1009 detto
796 959 856 1009 dell’
867 958 957 1023 aprirsi
978 958 1047 1008 della

594 1041 674 1097 porta,
694 1048 741 1096 per
758 1031 870 1079 l'nsanza
882 1031 924 1079 dei
937 1030 1013 1079 Greci
1032 1047 1046 1079 e

593 1104 635 1153 dei
653 1103 765 1151 Romani
784 1102 810 1150 di
829 1103 933 1151 bussare
952 1101 994 1149 dal
1019 1101 1046 1149 di

592 1176 682 1224 dentro
701 1174 726 1222 al
744 1174 849 1239 proprio
869 1173 938 1222 uscio
964 1173 1046 1237 prima

593 1247 619 1295 di
637 1245 740 1311 aprirlo,
753 1261 800 1310 per
817 1245 908 1293 timore
921 1244 968 1292 che
981 1260 1045 1303 esso,

593 1317 691 1367 chesi
724 1316 811 1382 apriva
841 1316 867 1364 di
897 1315 988 1364 dentro
1019 1315 1046 1363 in

592 1388 669 1448 fuori,
689 1403 786 1437 recasse
808 1388 893 1436 danno
915 1403 930 1434 a
958 1386 1045 1435 coloro

592 1460 639 1509 che
664 1474 805 1526 passavano
835 1475 851 1507 ο
879 1473 955 1508 erano
980 1458 1046 1506 sulla

592 1531 639 1590 via,
653 1530 845 1595 generalmente
863 1536 957 1579 stretta.
977 1528 1044 1578 Plut.

592 1603 689 1667 Poplic.
719 1615 753 1650 20
791 1598 923 1655 Τὰς....
957 1596 1045 1663 Ἑλλη-

592 1668 667 1728 νικὰς
687 1669 794 1737 (θύρας)
812 1669 940 1735 πρότερον
961 1668 1046 1725 οὕτως

592 1742 661 1807 ἔχειν
684 1740 787 1798 ἁπάσας
810 1741 976 1806 λέγουσιν...
1008 1740 1046 1790 ὅτι

592 1814 719 1864 κόπτουσι
737 1811 783 1864 καὶ
801 1818 924 1879 ψοφοῦσι
943 1809 987 1867 τὰς
1000 1811 1046 1862 αὖ·

593 1890 646 1935 τῶν
665 1884 751 1949 θύρας
766 1882 869 1935 ἔσωθεν
887 1883 915 1933 οἶ
930 1883 1046 1947 προϊέναι

593 1954 736 2021 μέλλοντες,
755 1955 827 2011 ὅπως
846 1953 969 2019 αἴσθησις
993 1953 1045 2013 ἔξω

592 2025 690 2093 γένοιτο
719 2033 771 2083 τοῖς
798 2026 1004 2091 παρερχομένοις
1028 2023 1045 2090 ἢ

592 2103 748 2164 προεστῶσι,
764 2096 810 2149 καὶ
827 2096 865 2163 μὴ
879 2094 1046 2161 καταλαμβά-

593 2188 678 2221 νοιντο
696 2169 848 2234 προϊούσαις
868 2174 922 2224 ταῖς
934 2165 1047 2218 κλεισιά-

593 2259 633 2291 σιν
651 2240 688 2297 εἶς
707 2240 847 2292 στενωπόν.
868 2241 920 2290 Csr.
940 2240 1045 2289 Aristot.

589 2311 676 2378 Ἆθην.
696 2312 787 2363 Πολιτ.
803 2324 850 2378 5ος
870 2313 952 2361 Plaut.
966 2313 1045 2362 Most.

593 2383 1046 2450 nanaananffl

594 2473 607 2506 e
637 2456 662 2504 la
694 2465 754 2506 nota
785 2457 827 2506 del
857 2458 984 2519 Ramsay;
1018 2454 1046 2502 in

594 2535 684 2591 questa
713 2528 856 2577 commedia
883 2526 902 2575 il
929 2542 952 2575 v.
986 2524 1045 2587 788.

593 2599 670 2648 Della
694 2616 804 2664 persona
828 2599 875 2648 che
898 2599 983 2655 bussa,
1009 2596 1047 2644 sia

594 2671 674 2720 anche
693 2688 740 2735 per
759 2681 857 2719 entrare
881 2667 953 2734 (633,
974 2665 1045 2731 637),

594 2742 615 2790 si
639 2742 695 2791 dice
714 2743 829 2805 pultare,
851 2742 968 2805 pulsare,
989 2740 1046 2803 pel·

593 2813 652 2870 lere,
673 2814 754 2862 anche
770 2819 907 2876 percutere
928 2808 977 2875 (gr.
1002 2807 1047 2858 κό-

593 2881 683 2948 πτειν).
709 2884 827 2934 Secondo
853 2883 909 2931 altri
934 2883 961 2930 in
986 2897 1047 2931 vece

594 2962 707 3018 crepare,
741 2962 894 3017 concrepare
927 2953 1047 3001 indicano

594 3026 613 3073 il
638 3041 739 3074 rumore
765 3025 833 3075 della
857 3031 930 3089 porta
954 3025 1000 3073 che
1026 3024 1048 3071 si

593 3097 686 3162 apriva,
699 3097 819 3161 prodotto
832 3096 900 3144 dalla
912 3103 1044 3146 serratura.

593 3167 660 3216 Altri
679 3183 772 3216 ancora
794 3168 905 3216 credono
924 3163 968 3232 piir
988 3183 1046 3231 pro-

592 3239 679 3288 babile
711 3240 733 3287 si
770 3238 838 3288 tratti
871 3239 940 3287 dello
972 3238 1046 3287 scric-

594 3311 713 3370 chiolare‚
734 3311 777 3359 del
796 3310 908 3373 cigolare
928 3309 1047 3373 prodotto

593 3382 635 3432 dal
663 3382 746 3445 girare
773 3382 840 3429 delle
869 3382 978 3445 imposte
1007 3380 1045 3428 sui

594 3452 697 3511 cardini,
719 3453 727 3500 i
741 3453 811 3517 quali
826 3467 903 3501 erano
919 3451 945 3499 di
960 3452 1045 3514 legno.

595 3523 647 3571 Cfr.
661 3524 792 3583 Dziatzk0‚
806 3524 886 3571 Phor.
906 3521 969 3582 840;
983 3523 1047 3586 Tyr·

593 3596 647 3654 rell,
667 3596 728 3643 Mil.
751 3604 816 3658 1543
842 3594 975 3651 Ashmore‚
996 3594 1046 3641 Ad.

594 3683 615 3715 a.
636 3666 661 3728 1.,
682 3681 734 3716 ecc.
754 3666 785 3715 V.
805 3681 897 3714 ancora
915 3664 1001 3729 l'App.
