2850 4259
494 268 661 313 Ansnnnon
1015 269 1055 330 59

114 398 161 458 SA.
195 396 253 474 Qui
283 396 367 476 potui
385 393 511 470 melius,
536 403 589 474 qut
611 394 702 456 hodie
727 413 821 473 usque
844 415 878 455 os
908 394 1057 474 praebui?

456 489 514 548 SY.
548 491 623 564 Age,
648 485 703 546 s'eis
727 485 800 562 qutd
819 486 949 563 loquar?
995 501 1055 562 215

113 576 260 638 Pectniam
287 576 319 637 in
341 578 410 638 loco
439 578 595 655 neclegere
618 583 791 636 maxumum
814 574 993 636 interdttmst
1014 576 1058 634 lu·

456 685 548 728 crum.
596 663 668 726 huit

113 754 243 831 Metutsti,
268 754 292 815 si
323 774 404 817 nunc
434 756 473 816 de
500 767 553 817 tuo
583 754 648 816 iure
679 752 874 815 concessisses
905 755 1060 833 panlulum

455 855 546 923 atque

105 1198 227 1262 factumst
243 1198 317 1265 mee),
344 1216 359 1248 0
386 1215 448 1265 pure
470 1200 557 1248 euenit

112 1269 189 1332 (come
201 1270 322 1320 Hec.228
337 1272 400 1319 Non
413 1287 467 1319 mea
478 1278 555 1334 opera

112 1358 185 1405 neque
193 1343 240 1407 pol
251 1341 329 1407 culpa
347 1341 452 1405 euenit).
471 1342 554 1404 Quin-

112 1412 135 1460 di
153 1414 183 1462 T.
207 1430 227 1461 c.
256 1409 271 1461 ὲ
298 1413 417 1462 ablativo.
442 1439 475 1448 -
502 1420 555 1469 tua,

112 1499 175 1534 mon.
188 1511 220 1519 -
235 1485 307 1545 Quid
316 1485 455 1548 facerem)
477 1503 488 1526 ι
503 1482 558 1533 Che

110 1570 164 1603 cosa
181 1554 274 1605 doveva
293 1556 318 1603 io
338 1555 409 1603 sare?
432 1572 453 1614 ι,
475 1575 487 1599 ι
500 1554 554 1624 Che

111 1641 164 1674 cosa
183 1626 249 1676 avrei
273 1627 368 1675 dovuto
391 1627 464 1675 sare?
486 1645 506 1675 ι.
533 1627 555 1675 Ε

111 1697 194 1747 inutile
212 1697 337 1747 ricordare
356 1698 402 1747 che
426 1697 507 1746 anche
528 1697 555 1745 in

111 1767 158 1818 Cic.
175 1769 196 1817 il
220 1768 362 1834 potenziale
386 1768 428 1818 del
454 1776 555 1833 passato

110 1838 128 1887 si
162 1841 270 1905 esprime
306 1855 354 1889 con
384 1838 555 1904 l'imperfetto

110 1907 238 1974 (crederes,
248 1919 366 1975 putares,
381 1927 504 1968 cerneres,
517 1912 555 1959 vi-

111 1981 185 2040 deres,
205 1980 318 2047 diceres),
340 1982 390 2031 mai
412 1997 461 2030 con
486 1982 505 2030 il
530 2000 554 2047 p.

110 2052 151 2102 che
177 2053 259 2118 pers.;
287 2054 333 2102 cfr.
361 2054 425 2114 Sese.
454 2066 493 2116 19,
521 2066 556 2114 42

111 2123 166 2172 haec
187 2141 243 2172 cum
267 2126 388 2182 viderem,
412 2124 478 2188 quid
499 2140 555 2189 age-

109 2210 165 2253 rem,
178 2196 291 2244 iudices)
309 2196 485 2244 contenderem
499 2212 555 2244 con-

110 2272 149 2313 tra
167 2267 302 2314 tribunum
317 2267 435 2331 plebis)‚·
454 2267 511 2315 Vae.
533 2279 556 2325 2,

109 2349 137 2396 4;
155 2352 205 2386 ecc.
226 2336 278 2386 Cfr.
292 2353 315 2385 v.
335 2346 395 2401 395.
411 2363 443 2372 -
463 2353 557 2387 merem

108 2416 201 2471 gestum
215 2416 262 2472 op„
277 2409 322 2457 sel.
337 2425 395 2458 esse.
410 2407 464 2457 Cfr.
477 2425 500 2457 v.
518 2420 556 2470 13.

111 2477 213 2527 L’unica
231 2480 389 2529 costruzione
414 2479 441 2528 di
459 2485 560 2543 oportet

109 2550 172 2598 nella
191 2551 280 2615 lingua
298 2552 340 2600 dei
359 2549 458 2599 Comici
477 2546 492 2599 ὲ
509 2565 558 2599 con

109 2619 206 2670 Faesus.
225 2638 239 2671 e
257 2619 366 2681 l’infin.;
388 2639 414 2671 se
437 2622 456 2671 il
481 2622 558 2671 verbo

110 2691 158 2757 dip.
178 2689 192 2741 ὲ
211 2709 246 2741 un
265 2693 330 2758 perf.
351 2709 424 2758 pass,
448 2694 470 2741 si
494 2699 557 2754 tace,

110 2778 178 2813 come
192 2765 244 2829 qui,
259 2764 285 2813 la
297 2764 398 2829 copula.
408 2764 461 2813 cfr.
472 2765 558 2812 Andr.

111 2846 157 2896 239
179 2851 266 2884 nonne
286 2838 365 2899 prius
390 2837 559 2884 communica-

110 2912 161 2954 tum
171 2908 306 2970 oportuit)
317 2907 413 2956 Heaut.
428 2907 487 2965 200,
499 2916 558 2967 247,

110 2976 165 3039 536,
186 2977 246 3041 635.
266 2977 289 3025 Π
316 2977 379 3042 perf.
399 2979 451 3042 dip.
474 2977 560 3026 indica

111 3062 144 3095 un
161 3048 226 3097 tatto
245 3050 292 3097 che
310 3048 331 3096 si
345 3050 452 3099 sarebbe
464 3049 560 3097 dovuto

111 3117 235 3170 verificare
254 3119 298 3169 nel
317 3128 418 3184 passato
431 3118 478 3186 (=
490 3119 560 3168 biso-

110 3204 188 3253 gnava
210 3192 257 3240 che
283 3193 311 3239 t'u
335 3193 420 3241 avessi
433 3192 508 3255 fatte
536 3191 561 3239 la

111 3276 154 3309 sua
171 3260 282 3326 volone,
303 3262 349 3311 che
369 3262 395 3310 lo
418 3263 501 3311 avessi
523 3263 560 3309 la·

112 3333 186 3381 sciato
204 3334 272 3395 fare3
292 3333 337 3383 csr.
358 3336 444 3394 Andr.
458 3331 510 3398 238
523 3348 560 3396 sg.

111 3418 192 3451 nonne
214 3407 330 3468 oportuit
353 3406 499 3454 Praescisse
524 3421 562 3452 me

112 3480 191 3523 ante?
208 3477 281 3524 Eun.
295 3475 344 3537 981
365 3491 418 3540 sg.;
438 3474 518 3540 ecc.);
537 3472 563 3524 n

112 3542 172 3595 dov'e
191 3546 208 3593 l'
221 3545 292 3595 infin.
312 3563 377 3612 pres.
401 3548 508 3611 designa
527 3561 563 3595 un

112 3614 180 3677 fatto,
208 3617 229 3666 il
259 3618 343 3684 quale,
372 3635 399 3669 se
427 3624 561 3681 avvenuto‚

609 1199 752 1249 durerebbe
771 1197 814 1248 nel
833 1204 920 1263 tempo
938 1198 966 1247 in
985 1200 1061 1248 enisi

609 1270 687 1337 parla.
707 1269 761 1318 Cfr.
785 1271 858 1319 Eun.
880 1271 946 1318 1012
971 1270 1062 1319 ilicone

610 1344 711 1391 credere
730 1357 758 1389 ea
779 1356 844 1404 quae
868 1342 926 1390 dixi
949 1342 1064 1405 oportuit

612 1419 657 1462 te?
675 1413 756 1461 Phor.
776 1423 828 1474 70;
847 1412 892 1461 cfr.
911 1412 992 1461 anche
1011 1413 1062 1475 672

612 1500 650 1548 sg.
669 1483 738 1534 della
756 1489 843 1532 nostra
860 1483 1012 1533 commedia.

647 1564 706 1619 215.
729 1555 789 1614 Qui.
805 1553 858 1604 cfr.
873 1571 895 1603 v.
913 1565 961 1616 179
974 1571 989 1603 e
1004 1565 1062 1618 254.

611 1654 644 1663 -
656 1627 740 1691 potui,
755 1625 800 1675 sel.
814 1642 908 1674 merem
919 1642 1014 1691 gerere.
1031 1654 1061 1661 -

611 1699 658 1762 qui
669 1698 759 1753 hodie·
779 1697 838 1755 iat0,
855 1712 928 1746 come
946 1696 971 1745 al
983 1714 1007 1748 v.
1021 1709 1063 1760 97.

611 1795 644 1804 -
664 1783 754 1832 usque,
775 1768 1000 1828 continuamente;
1019 1769 1065 1817 cfr.

610 1858 632 1892 v.
648 1852 707 1902 213.
722 1864 755 1873 -
770 1855 797 1887 es
812 1840 931 1903 praebui,
948 1839 992 1890 scl.
1005 1857 1065 1889 uer·

611 1914 710 1961 beribus
717 1907 774 1974 (cfr.
786 1911 983 1967 uerberande,v.
992 1909 1064 1975 213).

610 1985 684 2043 Pure,
703 1997 750 2045 per
768 1981 873 2030 l’animo
892 1981 967 2030 basso
985 1984 1065 2031 evol·

611 2069 671 2118 gare
686 2052 714 2101 di
733 2051 819 2111 Sann,
838 2052 966 2117 l’espress.
980 2070 1007 2100 os
1020 2061 1063 2117 pr.

611 2127 644 2174 ha
662 2139 737 2175 senso
756 2139 858 2182 osceno,
878 2139 951 2173 come
973 2124 1063 2172 Γαιήι-

611 2197 715 2245 lescenti
743 2209 837 2265 mozene
860 2210 949 2259 gerere
973 2194 1015 2244 del
1041 2211 1064 2244 v.

611 2267 772 2332 precedente.
782 2267 805 2315 Ε
815 2272 880 2315 stato
890 2262 930 2314 οἰὸ
942 2266 1064 2316 avvertito

612 2339 691 2387 anche
710 2339 743 2386 da
762 2338 872 2386 Donato.
896 2363 923 2372 —
940 2339 989 2386 scis
1002 2338 1069 2401 quid

611 2407 728 2473 loquar)
747 2408 801 2457 Csr.
814 2424 836 2456 v.
855 2419 887 2471 79
902 2424 916 2457 e
933 2417 990 2472 195.
1010 2408 1068 2456 Con

612 2487 702 2545 queste
721 2480 810 2545 parole
828 2479 885 2529 Siro
910 2478 1005 2528 ritorna
1031 2479 1067 2528 al-

612 2552 792 2615 l’argomento.

649 2623 708 2670 216.
724 2624 753 2671 in
766 2624 819 2672 loco
832 2643 867 2663 =
880 2637 917 2685 gr.
932 2617 959 2669 ἕν
971 2624 1067 2685 καιρῷ,

613 2694 656 2743 nel
675 2701 813 2758 momento*
828 2694 920 2757 giusto‚
940 2709 955 2741 a
981 2699 1068 2757 tempo

613 2782 627 2814 e
652 2764 740 2828 luogo.
768 2763 821 2813 Csr.
850 2780 888 2812 vv.
919 2762 979 2826 827,
1008 2777 1068 2826 994.

614 2836 703 2885 Anche
722 2851 797 2884 senza
809 2835 834 2883 la
846 2852 918 2900 prep.
939 2837 1020 2899 quest'
1031 2851 1069 2884 es-

614 2907 745 2972 pressione
770 2906 863 2955 ricorre
889 2906 915 2954 di
934 2905 1069 2971 frequente

614 2979 641 3026 in
660 2977 751 3037 Cicwe
770 2977 811 3026 nei
826 2977 929 3027 'classici
949 2976 976 3025 in
991 2993 1070 3041 gene·

615 3049 674 3099 rale.
695 3075 728 3084 -
749 3049 895 3112 neclegere:
914 3047 960 3097 cfr.
983 3066 1007 3097 v.
1029 3062 1069 3109 14.

616 3145 644 3158 -⁴
674 3120 786 3169 lucrum.
815 3120 905 3169 Anche
933 3120 961 3167 in
985 3119 1067 3168 Plaut.

619 3193 690 3255 Cape.
719 3200 780 3254 327,
805 3192 917 3241 sebbene
947 3191 975 3239 in
999 3192 1070 3239 buon

616 3278 698 3325 senso,
724 3265 774 3310 Est
796 3265 872 3311 etiam
891 3263 936 3311 ubi
954 3262 1072 3326 prefate

616 3336 740 3382 damnum
755 3340 873 3396 praestet
881 3334 975 3398 facere
993 3349 1072 3397 quam

617 3405 729 3453 lucrum.
741 3429 774 3438 -
785 3405 844 3454 hui:
857 3403 968 3470 esprime
981 3404 1072 3467 ironia,

616 3483 753 3540 provocata
767 3477 804 3524 'da
827 3475 935 3541 qualche
953 3483 1026 3538 gesto
1046 3475 1072 3523 di

617 3546 704 3610 Sann,
735 3548 782 3596 che
809 3561 862 3595 non
890 3546 986 3596 doveva
1014 3562 1073 3595 aver

618 3616 698 3667 molta
717 3616 776 3668 fede
795 3617 822 3667 in
845 3633 896 3667 una
919 3615 1005 3678 verite,
1025 3633 1075 3684 pur
