2850 4259
748 256 832 313 68
1521 269 1579 315 P.
1625 268 1900 336 ‘mmm

746 398 866 457 SY.
936 393 1100 471 Quid
1159 395 1297 454 est?
1385 397 1512 456 CT.
1593 396 1758 471 Quid
1819 393 1934 455 sit?
2010 392 2167 454 illius
2231 402 2427 472 opera,
2494 393 2643 470 Syre,

1637 503 1800 545 nunc
1846 491 2023 544 uiuo:
2072 482 2353 543 festiuorn
2399 492 2583 561 caput,

747 572 867 650 Qui
914 571 1269 652 ignominias
1313 572 1427 633 sibi
1482 581 1619 651 post
1636 574 1884 724 npgctssrilt
1944 579 2071 633 esse
2116 592 2261 652 prae
2315 590 2450 632 meo
2502 579 2644 632 com·

822 907 941 957 261.
987 908 1131 968 Quid
1160 915 1250 969 est,
1286 909 1545 974 pirrichi0.
1574 909 1657 959 Da

749 979 1319 1045 quest’interrogazione
1336 980 1389 1029 lo
1407 981 1655 1030 Dziatzko

749 1051 943 1100 deduce
998 1049 1091 1100 che
1135 1050 1260 1101 -Siro
1316 1067 1421 1100 non
1482 1068 1657 1102 avesse

753 1137 970 1171 nessuna
1006 1121 1121 1171 idea
1159 1122 1212 1170 di
1257 1129 1509 1173 attaccare
1558 1139 1656 1172 con

749 1192 1031 1242 ¹Ctesifonte
1069 1209 1139 1241 un
1191 1193 1532 1244 determinato
1580 1194 1654 1243 di-

749 1280 932 1313 scorso
961 1264 1154 1328 Meglio
1179 1265 1387 1315 intende
1412 1266 1467 1313 lo
1493 1264 1653 1331 Spen-

749 1335 830 1399 gel
882 1336 1223 1385 traducendo:
1287 1356 1310 1379 e
1363 1337 1473 1386 Che
1535 1338 1656 1387 vuol

749 1407 853 1456 :lire
878 1413 1070 1455 cotesta
1091 1414 1176 1456 tua
1202 1408 1602 1457 esclamazione?
1628 1427 1651 1451 ι

757 1504 813 1513 -
853 1478 995 1539 Quid
1025 1478 1136 1527 sit?
1172 1479 1261 1527 scl.
1290 1480 1514 1542 quaeris.
1548 1479 1654 1529 Cfr.

749 1566 790 1597 ν.
832 1547 916 1610 84.
959 1576 1025 1584 -
1069 1549 1230 1608 illius,
1282 1550 1347 1599 da
1395 1550 1656 1600 misurarsi

753 1636 898 1669 some
946 1619 1201 1679 bisillabo,
1247 1621 1369 1670 illis.
1415 1622 1563 1671 Dove
1613 1624 1657 1671 si

753 1693 858 1741 noti
895 1692 989 1740 che
1014 1692 1186 1742 alcuni
1210 1693 1448 1757 pronomi
1474 1694 1538 1742 ed
1564 1709 1652 1758 ag-

749 1763 940 1827 gettivi,
962 1763 1000 1811 il
1028 1764 1110 1812 cui
1140 1764 1298 1828 genit.
1320 1779 1435 1814 esce
1456 1765 1508 1813 in
1529 1767 1652 1823 -ius,

753 1842 1007 1884 [nosti-ano
1032 1835 1083 1882 di
1116 1851 1236 1885 aver
1260 1843 1414 1885 avuto
1443 1836 1653 1885 nell'an-

753 1906 850 1955 tico
906 1905 1082 1965 latin0,
1122 1914 1333 1955 accanto
1390 1924 1418 1955 a
1476 1916 1657 1972 questa

753 1977 1126 2037 terminazione,
1166 1993 1350 2026 ancora
1389 1978 1563 2043 quelle
1600 1978 1654 2027 in

749 2050 802 2107 ⁴i,
842 2049 1002 2112 lungo
1040 2049 1176 2097 nella
1218 2046 1452 2115 quantita
1490 2047 1653 2114 (vero-

749 2120 1057 2170 similrnente
1096 2121 1300 2169 innanzi
1341 2137 1370 2169 a
1401 2118 1653 2186 conson.),

749 2192 810 2240 ed
860 2192 914 2239 in
968 2192 1036 2240 -is
1074 2206 1169 2241 con
1214 2193 1281 2240 l'i
1322 2208 1448 2256 pure
1491 2191 1653 2256 lungo

749 2262 974 2323 {innanzi
1025 2279 1055 2311 a
1098 2261 1312 2328 vocale).
1356 2262 1427 2310 Di
1473 2272 1654 2328 questo

749 2334 833 2383 nei
883 2350 1001 2381 mss.
1059 2334 1100 2382 si
1152 2350 1464 2383 conservano
1514 2350 1652 2384 vera-

749 2411 918 2454 mente
957 2404 1068 2453 solo
1117 2406 1268 2470 pochi
1322 2406 1443 2453 resti
1492 2402 1659 2469 (nulli

749 2476 940 2534 sensili,
1008 2478 1178 2527 Andr.
1251 2475 1388 2533 608;
1468 2477 1581 2525 illi.
1604 2512 1616 2525 .
1640 2513 1651 2525 .

745 2549 1046 2610 sumptibus,
1104 2549 1297 2596 Heaut.
1356 2560 1496 2610 9303
1560 2548 1651 2611 efr.

745 2633 929 2667 ancora
991 2616 1096 2667 Cic.
1160 2621 1304 2667 Rosc.
1374 2634 1496 2667 com.
1570 2619 1647 2678 16,

745 2688 852 2754 48),
893 2705 984 2753 per
1019 2690 1149 2738 altro
1185 2690 1496 2739 variamente
1535 2687 1648 2755 (cfr.

749 2759 984 2825 Spengel,
1047 2763 1248 2810 Andr.2
1300 2762 1334 2810 l.
1392 2758 1461 2824 c.)
1518 2761 1651 2825 spie-

745 2832 866 2895 gati.
921 2831 1026 2879 Cfr.
1083 2833 1145 2881 A.
1197 2833 1369 2880 Luchs
1427 2832 1480 2879 in
1530 2833 1653 2880 Stu-

749 2904 872 2953 dent.
923 2903 1072 2954 Stud.
1119 2904 1157 2961 Ι,
1213 2917 1315 2967 319
1367 2918 1495 2966 sgg„
1548 2903 1651 2966 366

745 2989 894 3039 sgg.;
937 2972 1074 3022 Sam.
1112 2975 1318 3034 Brandt‚
1371 2976 1451 3022 De
1497 2976 1652 3023 uaria

745 3061 876 3107 quae
930 3052 1005 3094 est
1056 3054 1140 3109 ap.
1194 3054 1293 3100 ud.
1333 3047 1476 3094 Rom.
1520 3053 1651 3107 poet.

745 3132 911 3165 scaen.
945 3133 1060 3181 gen.
1099 3118 1232 3182 sing.
1276 3118 1650 3182 pronominum

729 3186 918 3251 forma
973 3203 1034 3235 ac
1089 3203 1332 3237 mensura
1352 3205 1374 3244 ,·
1437 3190 1649 3246 Lorenz,

749 3258 932 3307 Pseud.
998 3269 1171 3322 1073;
1235 3275 1277 3318 e,
1337 3275 1429 3323 per
1489 3265 1649 3307 contr.

745 3328 866 3389 Le0‚
906 3330 1088 3380 Plaut.
1123 3330 1355 3390 Forsch„
1396 3342 1512 3390 290
1538 3345 1649 3394 sgg.

745 3426 805 3435 --
830 3400 1087 3464 sestiuom
1126 3408 1316 3463 caput:
1355 3401 1449 3449 che
1492 3416 1648 3449 uomo

745 3472 1120 3537 eompiaeentel
1144 3472 1377 3535 festiuos
1413 3494 1486 3512 =
1513 3487 1649 3520 corn·

745 3542 991 3607 piacente,
1017 3550 1238 3606 cortese3
1266 3544 1354 3594 cfr.
1385 3542 1505 3607 983,
1528 3541 1648 3608 986,

741 3614 871 3663 dove
909 3610 938 3662 ὲ
975 3614 1122 3664 unito
1148 3628 1245 3663 con
1265 3613 1474 3677 facilis,
1500 3629 1649 3665 come

1765 910 1818 958 in
1857 911 2000 958 Eun.
2035 908 2169 971 1048
2192 908 2465 973 festiuitas
2489 904 2517 956 ὲ
2541 924 2645 958 con-

1764 982 1945 1045 giunto
1983 995 2081 1029 con
2101 980 2363 1043 facilttas.
2407 978 2515 1028 Con
2550 981 2646 1043 leg-

1764 1054 1905 1116 gieta
1923 1053 2197 1101 differenza
2223 1051 2276 1099 di
2302 1050 2613 1115 significato
2601 1066 2645 1098 ιιι

1764 1125 1869 1175 Cic.
1897 1123 2134 1187 festivus
2172 1119 2201 1171 ὲ
2250 1122 2391 1171 detto
2437 1123 2490 1170 di
2532 1129 2644 1172 tutto

1762 1191 1843 1243 cio
1880 1195 1973 1243 che
2019 1194 2071 1242 fa
2120 1194 2335 1259 piacere,
2387 1194 2560 1259 quindi
2601 1193 2644 1240 di

1762 1263 1843 1315 cio
1881 1266 1974 1315 che
2012 1262 2040 1312 ὲ·
2091 1265 2363 1329 giocondo,
2414 1266 2643 1329 spirit050,

1761 1338 1988 1402 giocoso.
2027 1334 2129 1385 Cfr.
2170 1337 2340 1400 lepore
2378 1344 2426 1385 et
2455 1336 2642 1399 festivi·

1762 1415 1881 1468 tate,
1920 1409 2002 1457 De
2039 1415 2169 1456 orat.
2211 1420 2257 1466 2,
2301 1407 2382 1471 56,
2424 1419 2547 1469 227:
2567 1405 2642 1470 fe-

1761 1481 1986 1530 stivitate
2023 1486 2073 1528 et
2104 1485 2388 1538 venustate,
2427 1480 2507 1528 De
2530 1484 2641 1527 orat.

1766 1564 1814 1612 1²
1852 1561 1934 1615 57,
1978 1563 2113 1613 243;
2147 1550 2442 1613 festivitate
2491 1557 2537 1599 et
2560 1547 2642 1612 sa-

1761 1624 1934 1678 cetiis,·
1972 1622 2129 1672 Brut.
2167 1620 2252 1681 48,
2300 1631 2421 1684 177;
2459 1636 2556 1671 ecc.
2587 1645 2637 1653 —

1762 1702 1921 1757 caput
1973 1688 2002 1740 ὲ
2041 1692 2229 1741 traduz.
2270 1692 2355 1740 del
2392 1707 2463 1755 gr.
2505 1687 2641 1752 κάρα,

1760 1771 1994 1829 soggetto
2034 1764 2136 1812 allo
2187 1771 2348 1812 stesso
2400 1779 2505 1812 uso.
2555 1761 2639 1809 Cfr.

1761 1838 1932 1883 Andr.
1961 1845 2093 1898 3715
2135 1836 2279 1883 Eun.
2310 1844 2438 1898 5313
2478 1849 2586 1891 ecc„
2618 1848 2639 1880 e

1761 1905 1809 1955 le
1848 1906 2099 1969 analoghe
2138 1905 2443 1970 espressioni
2480 1905 2638 1969 greche

1760 1974 1914 2040 φίλον
1951 1975 2109 2040 κάρα,
2149 1974 2463 2040 κασίγνητον
2505 1972 2637 2037 κάρα,

1761 2064 1861 2098 ecc.

1835 2119 1951 2170 262.
1988 2120 2139 2180 Qui...
2169 2120 2399 2184 putarit,
2439 2118 2637 2185 proposi·

1759 2192 1908 2241 zione
1934 2191 2076 2241 relat.
2116 2191 2347 2253 causale;
2388 2192 2476 2239 cfr.
2504 2208 2544 2239 v.
2572 2189 2637 2237 66.

1760 2288 1826 2298 —
1866 2263 2195 2327 ignominias.
2241 2262 2284 2310 11
2337 2262 2530 2327 plurale
2572 2260 2638 2309 dei

1760 2334 2025 2383 sostantivi
2063 2333 2257 2382 astratti
2295 2331 2401 2399 Ριιὸ
2446 2332 2638 2382 indicare

1759 2421 1791 2453 o
1853 2404 1902 2454 le
1966 2404 2187 2469 ripetute
2261 2402 2637 2454 manifestationi

1759 2476 1897 2526 dello
1945 2484 2076 2524 stato
2128 2492 2359 2540 espresso
2411 2476 2493 2524 dai
2536 2474 2637 2523 detti

1760 2547 2026 2597 sostantivi
2064 2544 2272 2611 (Gand.,
2326 2548 2460 2597 Sint.
2496 2547 2526 2595 l.
2562 2546 2634 2602 111,

1767 2618 1879 2678 106,
1923 2617 2029 2682 28),
2080 2634 2127 2677 0,
2179 2634 2270 2684 per
2318 2618 2368 2666 la
2424 2619 2637 2668 tendenza

1760 2691 1844 2739 del
1887 2690 2046 2738 latino
2085 2654 2167 2737 all'
2192 2689 2507 2755 espressione
2538 2704 2634 2737 con·

1760 2769 1910 2821 creta,
1950 2761 1990 2808 il
2026 2769 2267 2825 rapporto
2307 2762 2361 2809 di
2388 2762 2483 2809 essi
2507 2778 2534 2809 a
2556 2774 2635 2807 una

1759 2822 2002 2899 pluralita
2059 2832 2112 2879 di
2168 2832 2379 2896 oggetti,
2431 2826 2636 2896 pluraliti

1759 2904 1849 2969 qui
1900 2910 2282 2968 rappresentata
2332 2904 2397 2951 da
2457 2910 2572 2952 tutto
2607 2899 2634 2947 il

1758 2975 1967 3041 popolo,
2033 2974 2126 3023 che
2188 2975 2412 3025 avrebbe
2470 2974 2634 3039 parlato

1760 3047 1893 3095 male
1954 3045 2040 3094 del
2113 3045 2240 3094 fatto
2314 3046 2368 3094 di
2443 3044 2633 3095 Eschino

1758 3115 1914 3182 (Ibid.
1963 3130 2040 3176 12,
2088 3113 2192 3181 13).
2220 3116 2327 3167 Cfr.
2362 3117 2465 3165 Cic.
2503 3116 2549 3165 T
2548 3130 2632 3163 usc.

1756 3202 1807 3250 4,
1849 3201 1932 3247 20,
1972 3196 2038 3251 45
2080 3196 2143 3236 ut
2177 3188 2403 3237 homines
2451 3187 2631 3249 castiga·

1760 3260 1997 3317 tionibus,
2016 3260 2501 3322 reprehensionibus,
2517 3258 2629 3321 igno·

1760 3332 1933 3380 miniis
1971 3330 2119 3395 affici
2153 3346 2203 3378 se
2241 3332 2299 3378 in
2352 3330 2520 3378 delicto
2564 3328 2630 3373 do-

1758 3403 1936 3451 lerent.
1975 3400 2080 3449 Cfr.
2109 3404 2245 3466 App.
2286 3401 2394 3452 crit.
2432 3425 2489 3435 —
2519 3403 2629 3469 post,

1762 3493 1786 3517 ι
1830 3472 1882 3521 di
1908 3487 2130 3533 nessuna
2155 3473 2515 3538 importanzaoe
2537 3467 2631 3526 ;da

1759 3544 1919 3593 unirsi
1975 3559 2074 3591 con
2116 3560 2234 3592 esse.
2286 3543 2391 3594 Cfr.
2438 3542 2488 3591 in
2533 3552 2629 3587 vece

1758 3615 1883 3665 Hec.
1940 3613 2046 3679 483
2105 3622 2152 3664 te
2195 3621 2527 3681 postputasse.
2574 3632 2626 3643 -·
