2850 4259
344 245 405 301 160

726 259 756 303 Ρ.
778 257 917 300 Tenenti

339 382 372 445 Si
394 383 469 444 illnd
492 384 574 462 quod
597 387 737 445 maxume
760 392 837 461 opus
860 357 906 443 est
928 383 1008 445 iactu
1030 393 1093 444 non
1116 383 1198 459 ondit,
1229 402 1289 460 74⁰

337 475 418 533 llldd
440 475 523 550 quod
546 473 655 534 cecidit
677 474 761 548 sorte,
787 471 904 558 idn-[te
927 482 960 532 ut
982 473 1119 551 corrigas.

319 754 413 819 'Capt
441 767 474 804 22
500 733 580 803 Enim
605 770 668 803 uero
691 756 721 804 dt
747 771 794 804 nos

339 828 417 889 quasi
439 826 511 890 pilas
538 826 651 874 homines
679 827 795 886 habent,-

338 895 404 946 Plat.
423 897 484 961 Leg.
504 906 529 959 7,
549 894 600 960 803
620 892 793 959 ἄνθρωπον...

337 963 403 1016 θεοῦ
421 985 444 1016 rs
462 965 580 1030 παίγνιον
597 961 661 1016 εἶναι
673 984 792 1032 μεμηχα·

336 1034 457 1100 νημένον,
471 1038 583 1088 sebbene
596 1052 649 1087 non
668 1038 711 1088 dei
724 1045 791 1088 tutto

337 1109 541 1174 corrispondenti
558 1109 582 1158 al
601 1116 689 1158 nostro
702 1108 790 1174 luogo.

337 1205 370 1215 -
398 1181 506 1230 tesseris.
531 1180 617 1229 Erano
642 1180 670 1228 in
694 1196 742 1230 uso
763 1181 791 1230 in

336 1251 422 1300 antico
446 1251 496 1301 due
521 1252 606 1316 specie
630 1251 657 1299 di
679 1251 746 1311 dadi,
765 1251 791 1301 le

335 1330 444 1370 tesserae
457 1319 561 1386 (κύβοι)
573 1338 587 1371 e
601 1322 610 1370 i
622 1322 672 1372 tals·
682 1317 787 1386 (despei-

335 1388 428 1456 yoios).
443 1393 482 1443 Le
494 1401 611 1451 tesserae,
626 1392 694 1442 della
707 1393 790 1443 forma

335 1480 350 1513 e
375 1479 424 1513 con
452 1464 477 1512 la
505 1464 685 1514 numeratione
710 1472 790 1514 stessa

334 1534 376 1583 dei
397 1535 477 1583 nostri
503 1535 571 1597 dadi,
596 1550 674 1585 erano
698 1536 789 1599 gittate

333 1606 367 1654 da
388 1621 424 1654 un
449 1606 552 1654 bossolo
578 1602 624 1672 pid
647 1606 720 1670 largo
738 1606 788 1656 alla

332 1677 394 1726 base
413 1678 461 1727 che
479 1677 530 1725 alla
553 1678 639 1739 bocca,
659 1678 788 1727 chiamsto

330 1749 435 1812 phineus
455 1747 512 1811 (cfr.
527 1748 570 1797 Or.
585 1749 639 1796 Sat.
654 1761 678 1809 2,
693 1759 717 1811 7,
735 1747 787 1812 17),

332 1834 349 1867 o
358 1818 489 1882 fritillas,
505 1835 521 1867 o
540 1820 679 1878 turricula,
692 1836 715 1877 ο,
730 1835 785 1883 gre·

332 1897 456 1946 camente,
479 1899 587 1954 pyrgus.
613 1890 639 1940 Si
663 1891 788 1954 giuocava

332 1976 381 2008 con
405 1970 443 2009 tre
467 1970 583 2018 tesserae,
604 1978 618 2011 e
641 1961 660 2010 il
684 1962 788 2026 miglior

331 2031 380 2080 tiro
393 2048 436 2081 era
457 2039 494 2082 tre
507 2032 552 2092 sei,
566 2033 651 2081 donde
664 2032 680 2080 l'
690 2049 786 2098 espres·

331 2102 404 2154 sione
431 2118 507 2167 greca
534 2100 589 2165 τρὶς
616 2100 645 2161 ἓξ
671 2101 786 2167 βάλλειν,

330 2168 388 2221 ciod
407 2190 475 2223 esser
494 2173 602 2223 favorito
622 2175 691 2223 dalla
709 2183 784 2234 sorte,

331 2259 405 2294 avere
424 2244 443 2293 il
463 2246 578 2308 maggior
601 2246 739 2309 vantaggio
759 2246 786 2294 in

330 2331 383 2363 una
405 2330 464 2364 cosa
482 2313 538 2380 (cfr.
558 2316 663 2365 Eschilo
682 2319 730 2381 Ag.
751 2329 784 2381 33

329 2382 384 2448 τρὶς
411 2383 440 2444 ἒξ
469 2384 601 2450 βαλούσης
632 2384 711 2450 τῆσδέ
739 2405 785 2450 μοι

329 2456 523 2523 φρυκτωρίας).
542 2459 555 2508 Ι
574 2459 629 2517 tali,
646 2456 699 2507 cosi
716 2459 785 2507 chia·

329 2528 392 2576 mati
413 2529 446 2577 da
469 2529 548 2595 quell’
559 2545 619 2578 osso
642 2529 685 2579 del
708 2530 785 2594 piede

328 2599 376 2648 che
394 2616 472 2649 aveva
492 2608 583 2665 questo
601 2616 679 2649 nome
701 2601 729 2648 in
748 2600 785 2648 la·

328 2669 391 2729 tino,
412 2672 444 2720 ed
466 2688 508 2721 era
532 2672 603 2720 detto
623 2667 784 2734 ἀστράγαλος

327 2740 356 2790 in
380 2757 463 2804 greco,
484 2758 561 2791 erano
590 2743 618 2792 in
644 2742 744 2806 origine
769 2758 785 2790 a

327 2819 410 2877 punto
430 2812 487 2861 fatti
506 2828 555 2861 con
578 2815 628 2863 tale
654 2829 720 2871 osso,
741 2829 783 2861 ma

327 2883 372 2948 poi
391 2882 484 2933 furono
504 2886 585 2934 anche
603 2886 630 2933 di
650 2885 715 2934 altro
729 2901 782 2933 ma·

327 2954 423 3003 teriale.
436 2956 559 3005 Avevano
575 2956 657 3004 forma
667 2955 783 3019 oblonga

327 3025 358 3073 ed
372 3041 449 3074 erano
461 3027 618 3076 arrotondati
636 3027 687 3076 alle
703 3034 781 3076 estre·

326 3092 397 3158 miti,
429 3095 481 3145 cosi
518 3098 564 3147 che
595 3106 782 3162 presentavano

326 3166 382 3215 solo
401 3175 503 3231 quattro
522 3168 619 3219 saccie:
639 3184 718 3218 erano
737 3168 780 3234 poi

325 3237 425 3300 segnati
444 3252 493 3287 con
513 3238 641 3289 inumeri
666 3254 688 3301 1,
709 3253 734 3303 3,
753 3252 779 3299 4,

325 3307 349 3355 6.
385 3307 412 3356 Si
443 3309 565 3372 giuocava
596 3326 645 3361 con
677 3317 780 3376 quattro

324 3378 380 3436 sali,
410 3379 442 3428 ed
471 3380 490 3427 il
521 3381 625 3445 migiior
652 3382 730 3446 colpo
758 3381 779 3429 si

324 3447 412 3498 iaceva
431 3451 534 3515 quando
558 3454 566 3500 i
592 3461 693 3518 quattro
719 3451 779 3500 dadi

323 3529 509 3583 presentavano
528 3538 564 3570 un
583 3539 690 3574 numero
706 3524 778 3572 diffe-

322 3596 395 3639 rente
416 3591 433 3640 l’
445 3608 497 3642 uno
522 3594 581 3642 dall¹
592 3596 665 3645 altro.
691 3596 778 3644 Venus

846 772 870 805 o*
896 756 1025 804 Venereus
1052 757 1135 805 iactus
1163 756 1183 804 si
1210 755 1291 804 dicere
1371 783 1372 788 =

847 828 890 877 nel
908 806 1063 891 gidocodei
1080 827 1139 876 dadi
1158 827 1177 874 il
1195 826 1293 889 miglior
1371 827 1372 872 ζ

846 898 902 956 tiro,
927 913 1001 947 corne
1025 899 1098 946 canis
1124 897 1144 946 il
1169 897 1290 963 peggiore,

846 965 902 1018 cioe
921 968 1024 1034 qnando
1038 969 1063 1018 le
1082 969 1163 1018 faccie
1178 969 1219 1018 dei
1235 967 1287 1016 dadi

845 1049 1030 1105 presentaveno
1056 1046 1122 1089 tutte
1150 1040 1170 1087 il
1192 1054 1291 1088 numero

845 1126 905 1160 uno.
931 1110 992 1162 Cosi
1017 1127 1087 1160 aun
1110 1110 1139 1159 di
1164 1107 1248 1175 presso
1270 1108 1291 1157 ii

844 1182 938 1246 giuoco
968 1183 989 1231 si
1015 1181 1102 1231 iaceva
1125 1182 1169 1230 nel
1192 1180 1291 1247 periodo
1371 1211 1372 1216 =

844 1252 964 1314 classico;
978 1270 1021 1302 ma
1040 1253 1062 1301 si
1075 1250 1253 1317 comprendere
1263 1251 1289 1300 di

844 1323 952 1387 leggieri
965 1324 1013 1374 che
1026 1324 1051 1373 ie
1069 1339 1160 1373 norme
1172 1331 1293 1389 poterano

844 1410 913 1444 esser
935 1395 1004 1445 varie
1029 1396 1069 1444 sin
1093 1395 1174 1444 anche
1196 1395 1222 1443 in
1242 1407 1291 1442 uno
1371 1439 1372 1442 ,

843 1473 924 1516 stesso
952 1473 1047 1533 tempo,
1077 1466 1114 1515 sia
1145 1472 1238 1530 quanto
1265 1463 1290 1512 al
1371 1465 1372 1490 ³

843 1551 951 1586 numero
979 1538 1020 1586 dei
1045 1537 1112 1600 dedi,
1139 1537 1177 1585 sia
1200 1542 1295 1601 quanto
1371 1581 1372 1586 ,

842 1607 893 1657 alle
912 1605 1035 1658 modeliti
1053 1608 1096 1656 del
1119 1607 1222 1671 giuoco.
1240 1604 1289 1655 cfr.

842 1679 999 1744 Marqitardt,
1020 1679 1188 1728 Privatleben
1202 1680 1225 1727 d.
1242 1677 1294 1725 Ra·
1371 1707 1372 1710 =

842 1766 903 1807 mer,
923 1750 957 1808 11,
984 1768 1009 1815 p.
1036 1749 1087 1810 847
1107 1765 1165 1813 sg.;
1189 1748 1253 1799 Guhl
1277 1763 1291 1797 e
1371 1795 1372 1800 ,

841 1821 937 1878 Koner,
956 1821 997 1869 La
1011 1823 1065 1870 vita
1086 1822 1127 1869 dei
1142 1821 1216 1868 Greci
1231 1833 1289 1877 eoo,
1371 1821 1372 1870 j

841 1892 904 1941 trad.
923 1892 965 1941 dei
985 1891 1112 1953 Giussani,
1134 1892 1168 1950 1²,
1190 1907 1215 1955 p.
1234 1901 1294 1952 379Ϋ

841 1964 904 2011 trad.
913 1963 1207 2024 Tranioni-Riemann,
1218 1959 1291 2022 1884,

840 2035 861 2091 Ι,
882 2051 925 2099 pp.
946 2034 997 2097 387
1023 2045 1092 2097 seg.;
1118 2032 1291 2082 Liibker·Mu·

841 2120 905 2167 sero,
924 2105 1026 2155 Lesss'co
1044 2106 1146 2169 region.
1166 2101 1290 2152 dell'anti·

841 2173 909 2224 chiso
928 2176 1042 2232 classica,
1069 2174 1146 2235 1891,
1172 2191 1196 2239 p.
1223 2183 1290 2237 529;

840 2246 962 2306 Wilkins,
986 2246 1113 2295 Classical
1135 2247 1293 2309 antiquities,

840 2317 873 2374 11,
899 2335 925 2381 p.
950 2316 993 2379 48.
1022 2316 1295 2367 Recentissimamente

837 2395 918 2437 'tratte
937 2406 952 2438 a
971 2389 1052 2452 lungo
1071 2388 1113 2454 del
1138 2388 1231 2451 giuoco
1253 2386 1293 2435 dei

840 2459 900 2507 dadi
912 2475 1001 2524 presso
1014 2459 1051 2523 gli
1064 2458 1161 2507 antichi
1174 2458 1193 2507 il
1204 2458 1293 2507 Naber
1309 2453 1312 2454 ⁷

839 2528 996 2591 (Observatt.
1016 2530 1074 2579 crs't.
1087 2531 1125 2577 ad
1134 2530 1291 2587 Lucienum,

839 2599 865 2648 in
873 2601 1048 2665 Mnemosyne,
1056 2600 1090 2649 N.
1100 2600 1125 2649 S.
1135 2613 1175 2660 29,
1187 2616 1229 2665 pp.
1243 2598 1294 2648 162

838 2668 915 2735 sgg.),
929 2672 957 2721 in
971 2688 1021 2721 una
1033 2672 1192 2735 digressione
1204 2686 1218 2718 a
1234 2685 1292 2735 pro·

837 2743 922 2807 posito
941 2744 967 2792 di
986 2742 1050 2791 Luc.
1073 2746 1162 2791 Amor.
1185 2741 1224 2792 16.

874 2823 933 2875 740.
954 2816 1026 2877 quod
1041 2829 1162 2862 maxume
1174 2820 1238 2876 opus
1257 2821 1295 2861 est

836 2885 914 2942 iactu,
934 2884 953 2933 il
976 2884 1080 2948 miglior
1104 2883 1188 2948 colpo,
1206 2883 1225 2931 il
1246 2879 1295 2948 piis

836 2956 880 3005 bel
903 2955 987 3020 colpo.
1015 2956 1054 3004 La
1077 2954 1145 3004 irase
1164 2962 1227 3019 opus
1256 2962 1296 3004 est

835 3026 881 3092 qui
900 3022 914 3073 e
933 3026 1064 3091 compiuta
1083 3041 1132 3075 con
1152 3026 1168 3073 l'
1178 3024 1296 3075 ablativo

834 3098 877 3147 del
896 3097 1007 3163 supino3
1026 3097 1072 3147 cir.
1091 3113 1115 3147 v.
1136 3105 1197 3161 335.

871 3179 931 3230 741.
955 3168 1082 3218 Illud...
1101 3169 1138 3220 id.
1162 3167 1246 3217 Come
1272 3169 1296 3218 si

833 3240 905 3298 vede,
925 3241 956 3288 id
971 3240 1090 3305 riprende
1115 3239 1131 3288 i'
1144 3239 1215 3289 illud
1229 3255 1293 3304 pre-

834 3311 948 3373 cedente,
963 3310 1160 3375 analogamente
1177 3310 1295 3361 alicam

833 3381 876 3431 del
901 3398 923 3431 v.
944 3380 1012 3445 3583
1037 3382 1082 3431 cfr.
1108 3382 1143 3431 ivi
1168 3381 1194 3429 la
1218 3388 1295 3433 nota.

834 3478 868 3487 -
889 3459 947 3501 arte
973 3460 1005 3502 ut
1021 3454 1145 3516 corrigas,
1164 3452 1209 3502 sci.
1225 3452 1294 3515 fac,

833 3524 920 3572 danda
936 3531 975 3572 est
988 3531 1073 3587 opera,
1092 3540 1106 3573 e
1124 3522 1222 3581 simili;
1242 3523 1295 3573 cfr.
1371 3563 1372 3580 ,

832 3594 915 3643 Plaut.
941 3594 1013 3660 Capt.
1041 3605 1089 3659 115
1110 3595 1164 3645 Sed
1181 3595 1225 3644 uti
1240 3596 1295 3644 ad·
