2850 4259
478 282 648 328 nonullos

984 270 1041 345 163

93 412 149 472 DE.
172 413 219 472 Tu
241 410 318 472 inter
341 430 391 471 eas
405 411 506 472 restim
528 412 657 472 drictans
671 412 802 472 saltabls.
853 413 910 473 ΜΙ.
935 413 1041 472 Probe.

92 502 149 560 DE.
172 502 293 572 Probe?
336 503 395 562 ΜΙ.
427 491 466 561 Et
494 511 527 561 tu
557 500 715 561 nobiscum
748 507 816 576 rina,
841 501 866 561 si
896 502 973 579 opiis
995 499 1042 563 sit.

526 593 591 653 DE.
614 593 652 650 El
674 586 769 650 mihil

91 678 153 739 Non
174 688 203 738 te
225 680 300 739 haec
323 680 461 757 pudent?
484 682 541 741 Ml.
569 683 632 740 Iam
657 686 729 740 uero
753 677 867 755 omitte,
894 682 1019 752 Demea,

89 1068 107 1118 il
131 1068 273 1134 singolare;
303 1071 388 1119 rodem
414 1071 482 1129 hoec,
506 1087 533 1121 se

89 1157 146 1206 pore
162 1137 249 1191 none
273 1141 300 1190 lo
325 1149 405 1191 stesso
431 1141 531 1207 plurale

89 1213 200 1275 generieo
213 1213 260 1263 che
280 1213 379 1261 usiamo
395 1215 439 1262 noi
454 1229 535 1278 quan·

88 1283 118 1331 do
134 1283 243 1333 diciamo
264 1303 276 1327 ‹
298 1291 388 1349 queste
407 1300 474 1344 cose,
488 1284 535 1334 tali

89 1370 182 1413 cose»,
208 1370 269 1418 ecc.‚
289 1362 381 1420 potera
405 1357 457 1406 ben
476 1356 534 1405 rife-

90 1427 140 1474 rirsi
151 1426 221 1476 nella
233 1434 321 1477 mente
339 1427 365 1474 di
378 1428 478 1478 Demea
490 1444 533 1477 an·

89 1497 131 1546 che
151 1496 175 1545 al
194 1499 301 1546 saltabis
321 1506 452 1561 seguente.

118 1578 175 1632 752.
195 1570 284 1618 restim
298 1572 416 1619 ductans.
436 1570 534 1634 Questa

87 1640 166 1704 specie
184 1640 211 1688 di
230 1639 310 1688 dauza
328 1636 343 1688 ὲ
362 1641 487 1690 ricordata
501 1642 534 1690 da

86 1710 153 1759 Livio
182 1722 225 1774 27,
257 1721 298 1774 37,
335 1725 383 1773 14:
414 1714 442 1761 in
465 1712 533 1777 foro

83 1790 171 1846 pompa
201 1784 336 1840 constitit‚·
362 1792 413 1848 per
440 1800 534 1849 monus

85 1861 144 1902 reste
161 1855 225 1903 dota
243 1855 360 1919 virginer
378 1870 471 1903 sonum
489 1871 533 1903 vo·

85 1925 116 1972 cis
136 1925 220 1989 pulsu
245 1926 342 1988 pedum
373 1926 533 1975 modulantes

84 1996 248 2046 incesserunt.
267 1996 474 2046 Probabilmente
487 1997 532 2047 do·

74 2081 141 2115 ›veva
158 2082 243 2117 essere
267 2082 302 2115 un
325 2067 396 2116 ballo
415 2066 531 2131 figurato,

84 2136 107 2184 in
123 2138 163 2186 eui
186 2137 213 2187 la
237 2139 314 2188 corda
341 2139 427 2189 laceva
445 2154 533 2204 presso

83 2224 96 2255 a
114 2224 176 2273 poco
195 2209 213 2257 l'
225 2208 312 2258 ulficio
332 2209 374 2259 del
393 2216 480 2258 nostro
494 2218 532 2260 te·

84 2282 146 2329 nerei
164 2280 189 2329 le
209 2281 286 2342 mani,
302 2297 325 2339 ο,
341 2282 408 2330 forse
428 2281 531 2345 meglio,

81 2350 120 2399 del
138 2351 281 2411 lazzoletto,
299 2368 316 2400 o
340 2352 383 2402 del
402 2360 495 2415 nasim,
516 2369 532 2400 o

82 2422 144 2471 della
168 2423 263 2482 benda,
284 2439 344 2483 ece,
364 2438 437 2473 come
459 2424 532 2474 suole

83 2495 197 2544 avvenire
224 2494 251 2542 in
275 2494 361 2543 alcuni
386 2495 428 2543 dei
453 2496 533 2544 nostri

87 2564 144 2614 balli
163 2565 289 2624 moderni,
309 2566 492 2631 specialmente
507 2567 534 2614 in

82 2636 157 2701 quelli
189 2636 316 2701 popolari.
352 2662 384 2672 -
417 2637 532 2687 saltabis.

81 2705 173 2768 Questa
193 2724 237 2757 era
257 2709 298 2756 un'
312 2708 377 2759 altra
395 2714 477 2774 pnnta
487 2724 532 2772 per

79 2777 194 2828 Micione.
216 2780 265 2828 Per
283 2794 320 2828 un
337 2779 463 2838 Romano,
478 2794 530 2827 non

79 2848 126 2898 cosi
149 2847 206 2915 'per
238 2865 273 2898 un
304 2851 387 2900 Greeo
418 2849 475 2915 (osr.
512 2850 531 2898 il

78 2936 97 2969 v.
113 2920 183 2986 750),
198 2920 217 2969 il
230 2921 344 2982 danzare,
359 2938 374 2970 a
393 2938 470 2971 meno
483 2921 531 2970 che

78 3007 125 3041 non
152 2993 174 3042 si
203 2998 320 3043 trattasse
348 2993 419 3043 della
450 2993 530 3041 danza

77 3063 120 3113 che
138 3079 218 3114 aveva
236 3064 314 3128 luogo
332 3065 359 3112 in
375 3071 447 3114 'certe
467 3065 530 3113 ceri·

77 3135 160 3185 monie
179 3134 307 3199 religiose,
327 3152 369 3186 era
388 3136 461 3185 anch’
473 3151 530 3184 esso

76 3204 187 3270 indegno
200 3205 226 3253 di
240 3221 277 3254 un
296 3207 420 3256 cittadino
438 3206 527 3256 libero.

75 3274 198 3327 Cicerone
224 3278 357 3328 considera
382 3294 433 3327 una
462 3278 527 3326 forte

75 3362 163 3398 accusa
182 3348 271 3414 quella
298 3349 360 3399 satta
385 3366 399 3397 a
418 3349 449 3397 L.
469 3350 528 3397 Mu·

75 3434 133 3467 rena
145 3420 171 3467 di
185 3436 268 3469 essere
282 3419 337 3469 cioe
352 3436 386 3468 un
402 3421 528 3476 saltator,·

74 3488 115 3540 cfr.
146 3491 221 3539 Mur.
251 3490 274 3549 6,
310 3504 339 3554 13
373 3492 527 3540 Saltotorern

73 3562 187 3624 appellat
214 3562 245 3611 L.
278 3562 421 3612 Murenam
455 3562 527 3610 Coto.

74 3631 241 3683 Maledictum
267 3641 311 3694 est,
328 3636 352 3682 sr'
368 3650 427 3683 vore
452 3633 528 3681 obici·

589 1079 643 1129 tur,
677 1070 833 1120 vehementis
868 1070 1044 1121 accusatoris:

588 1143 631 1191 sin
646 1141 733 1206 salso,
756 1140 875 1190 maledici
893 1142 1045 1192 conviciato·

588 1213 627 1261 rr‘s
638 1248 644 1262 .
656 1246 680 1261 ..
700 1213 784 1261 Nemo
804 1212 872 1260 enim
882 1211 946 1276 fere
964 1213 1045 1263 saltat

588 1284 696 1342 sobrius,
711 1284 764 1332 nisi
771 1282 849 1346 forte
860 1284 968 1333 insanit.
983 1284 1044 1333 Non

588 1350 603 1403 ὲ
631 1354 723 1421 quindi
754 1353 934 1420 improbabile,
963 1355 1044 1405 anche

588 1442 634 1491 per
652 1426 741 1493 quello
761 1426 808 1475 che
833 1426 953 1474 abbiamo
972 1426 1044 1484 detto

587 1497 612 1546 al
631 1514 653 1548 v.
675 1507 728 1561 750
748 1514 762 1546 a
781 1497 914 1562 proposito
936 1497 962 1545 di
981 1514 1042 1546 can·

588 1570 653 1626 titos,
681 1569 774 1618 vedere
801 1568 829 1617 in
858 1575 926 1617 tutto
954 1577 1043 1634 questo

587 1639 666 1704 luogo
681 1641 725 1689 un'
732 1639 860 1689 allusione
873 1646 1044 1705 prettamente

588 1726 693 1760 romana
712 1711 745 1760 da
764 1711 857 1761 dovere
876 1710 1011 1761 attribuire
1029 1728 1044 1760 a

587 1782 715 1833 Terenzio
739 1778 785 1847 piir
797 1781 845 1832 che
864 1782 889 1830 al
907 1782 1043 1851 suoorigi·

587 1853 653 1904 nale.
674 1879 707 1889 -·
727 1854 819 1912 Probe,
840 1853 935 1917 giusto.
955 1854 1043 1903 Enna

588 1924 670 1973 forma
688 1924 714 1973 di
734 1939 839 1974 assenso
858 1939 931 1974 come
949 1941 1042 1974 uerum

587 1994 644 2060 (cfr.
667 2013 690 2045 v.
716 1991 787 2061 543),
814 1995 910 2044 scilicet
934 1992 991 2059 (cir.
1018 2012 1041 2044 v.

587 2065 675 2132 pree),
695 2069 741 2125 ita,
756 2081 815 2125 ece,
831 2066 856 2115 la
868 2065 953 2132 quale,
973 2067 1039 2116 s'in-

588 2139 671 2199 tende,
694 2135 747 2204 puo
765 2138 807 2187 dal
831 2144 948 2188 contesto
971 2154 1040 2187 assu·

587 2226 657 2260 mere
683 2225 733 2258 una
761 2210 824 2258 tinta
848 2204 894 2274 piir
912 2224 935 2270 o
965 2224 1041 2259 meno

587 2296 691 2331 rronrca.
989 2335 991 2340 Ι

624 2362 684 2416 753.
703 2360 776 2416 opus,
796 2352 925 2416 pirrichio.
953 2378 984 2389 -
1006 2354 1045 2401 Ei

587 2424 670 2471 milri!
689 2422 742 2472 Cir.
762 2423 781 2471 il
799 2439 821 2472 v.
846 2435 903 2484 124.

625 2504 685 2558 754.
710 2495 775 2542 Non
797 2515 833 2535 =
861 2511 969 2553 nomm
996 2495 1041 2545 cfr.

587 2567 613 2615 la
632 2574 693 2613 nota
709 2565 734 2612 al
753 2581 776 2614 v.
796 2580 839 2629 94.
862 2591 891 2599 -
913 2566 973 2614 hoec
990 2574 1042 2630 pn·

588 2640 656 2687 dent.
680 2635 735 2685 Nel
753 2636 834 2685 latino
858 2637 956 2685 arcaioo
979 2646 1042 2701 pae-

586 2711 657 2765 nitet,
671 2709 761 2763 taedet,
778 2709 859 2771 piget,
872 2709 962 2771 pudet,
976 2708 1040 2766 licet,

585 2786 685 2845 oportet
702 2793 767 2828 sono
793 2778 875 2827 anche
900 2778 966 2827 usati
986 2795 1042 2843 per·

584 2850 751 2907 sonalmente,
791 2866 832 2897 ma
872 2849 896 2897 d'
910 2849 1041 2899 ordinario

583 2937 632 2970 oon
657 2937 693 2969 un
722 2935 848 2985 prenome
875 2927 967 2969 neutro
995 2937 1041 2985 per

583 2999 717 3056 soggetto;
736 2992 868 3041 Prisciano
882 2991 936 3055 (Κ,
954 2991 982 3042 G.
998 2992 1038 3049 L„

582 3065 616 3126 11,
631 3080 673 3128 pp.
693 3075 746 3125 432
766 3079 780 3111 e
800 3060 872 3127 561),
889 3062 1040 3111 ricordando

582 3141 672 3200 questa
708 3131 892 3198 particolaritl,
925 3133 974 3182 cita
1004 3149 1041 3182 un

582 3221 647 3269 qnae
666 3204 832 3269 oportuerint
842 3219 852 3265 ;
874 3204 982 3254 cnoel
1001 3220 1040 3254 re·

582 3284 621 3325 sto
641 3278 726 3325 Andr.
745 3274 796 3337 481
825 3292 891 3339 quor
904 3311 909 3324 .
921 3312 945 3325 ..
966 3283 1041 3339 opor-

582 3356 657 3405 tent,·
675 3362 727 3396 ecc.
747 3347 778 3396 In
799 3346 881 3397 Plaut.
904 3346 963 3397 Cas.
988 3345 1038 3409 877

581 3419 602 3467 si
621 3419 654 3467 ha
678 3418 718 3466 sin
738 3417 819 3466 anche
845 3434 880 3466 nn
904 3419 942 3466 ito
969 3434 1041 3469 nnnc

578 3491 669 3554 pudeo.
691 3515 723 3524 -
751 3490 810 3536 lorn
833 3505 901 3547 uero,
922 3505 964 3537 ma
989 3489 1038 3554 ria.

582 3587 613 3595 -
633 3560 738 3609 omitte:
757 3559 802 3607 cfr.
825 3559 844 3608 il
864 3575 886 3609 v.
908 3559 959 3622 267
979 3576 993 3609 e
1012 3559 1037 3608 la

579 3637 640 3680 nota
658 3630 730 3696 al2v.
753 3640 809 3692 172.
