2850 4259
435 296 437 300 ’
484 319 721 364 turnonuzronn
974 323 1082 367 cxxxv

44 514 46 519 ι
122 443 148 491 lo
164 442 257 501 Schlee,
278 442 305 491 in
325 443 408 493 Schol.
430 444 498 502 Ter„
517 461 541 510 p.
566 457 617 494 ro:
639 463 651 489 ι
672 446 695 493 Α
716 445 791 494 tertio
810 445 913 495 saeculo
939 461 1020 511 usque
1045 447 1079 495 ad

44 536 46 587 ἶ
119 533 235 598 quintum
253 539 354 598 praeter
372 533 528 597 singularem
547 533 670 583 Bembini
689 535 866 585 recensionem
881 534 960 583 altera
974 534 1078 599 vulgata

44 610 46 645 ³
121 630 178 682 erat,
196 637 246 686 qua
263 636 354 670 omnes
372 619 532 685 grammatici
550 629 576 672 et
595 630 810 673 commentatores
832 622 902 672 illius
928 622 1018 674 aetatis
1036 626 1077 675 usi

44 732 46 737 ·
120 725 172 760 esse
189 709 312 760 videntur.
333 709 395 760 Eius
414 710 571 760 recensionis
590 710 657 774 libri,
682 727 741 761 cum
766 714 862 778 passim
888 715 916 763 in
942 713 1036 763 scholis
1063 732 1079 764 a

44 836 46 847 ,
122 799 201 863 pneris
218 798 271 863 legi
289 797 409 863 solerent,
429 799 554 865 paulatim
568 801 657 855 multis
670 801 774 852 scholiis
788 798 987 852 resarcieb‘antur
1000 810 1078 870 atque

122 888 193 937 etiam
210 888 320 953 saepius,
341 895 370 936 ut
392 891 600 940 membranarum
623 890 707 956 spatio
732 898 885 955 parceretur,
908 892 1013 941 metrica
1037 893 1077 941 di·

121 977 250 1027 stinctione
269 977 387 1042 neglecta
405 980 583 1030 scribebantur
599 977 640 1044 (r)
643 1015 783 1030 .......
803 981 895 1029 Postea
913 981 1004 1046 quinto
1023 981 1077 1033 iere

44 1132 45 1135 Ἴ
121 1067 216 1117 saeculo
235 1083 266 1116 ex
286 1067 330 1116 tali
348 1066 415 1117 libro
434 1064 576 1135 calliopius
595 1084 688 1118 novam
707 1069 884 1119 recensionem
900 1069 968 1129 fecit,
983 1070 1078 1136 inqua

121 1157 244 1205 metricam
257 1157 449 1207 distinctionem
462 1159 613 1221 restitutam,
625 1159 724 1210 scholia
737 1159 839 1222 omissa,
853 1160 966 1224 picturas
974 1160 1079 1209 ‘additas

44 1296 46 1299 ,
120 1245 229 1295 ridemus
248 1244 296 1310 (=
314 1242 354 1297 1¹
366 1241 414 1311 θ).
433 1246 507 1298 Haec
525 1248 640 1299 recensio
652 1263 781 1297 summam
794 1249 971 1298 auctoritatem
984 1249 1078 1313 adepta

120 1342 162 1384 est.
180 1333 229 1384 Sed
248 1344 348 1401 praeter
366 1352 423 1386 eam
441 1336 519 1387 etiarn
538 1337 576 1385 illi
595 1338 694 1403 antiqui
712 1337 781 1397 libri,
800 1338 846 1403 qui
864 1337 968 1386 scholiis
988 1337 1077 1387 multis

122 1424 201 1474 reterri
219 1425 283 1475 olim
299 1443 313 1476 a
332 1427 419 1492 pueris
430 1426 491 1478 lecti
505 1436 585 1490 erant,
599 1444 645 1493 per
658 1444 749 1487 manus
763 1429 928 1480 tradebantur
940 1427 981 1477 vel
995 1436 1077 1479 trans·

121 1514 297 1573 scribebantur,
317 1516 361 1581 qui
379 1531 439 1566 cum
455 1516 540 1566 minus
558 1517 707 1567 auctoritate
727 1519 849 1578 valerent,
862 1517 889 1566 in
908 1517 963 1566 dies
977 1514 1074 1566 Callio-

122 1602 204 1667 pianae
223 1605 366 1654 recensioni
385 1605 521 1656 similiores
540 1604 636 1656 fiebant
654 1606 700 1669 (=
721 1601 757 1657 D
774 1603 818 1669 G)
838 1626 861 1654 ι.

169 1692 271 1756 Quanto
289 1695 315 1743 al
333 1695 506 1753 Monacensis,
524 1712 550 1745 se
570 1711 633 1757 esso,
653 1711 727 1745 come
746 1696 767 1745 si
787 1691 801 1744 e
820 1696 899 1759 detto,
919 1696 941 1745 si
959 1696 1075 1746 avvicina

121 1781 266 1834 all'autoritd
284 1784 327 1833 del
344 1784 505 1833 Decurtatus
521 1769 592 1849 ’(ὒ),
606 1781 620 1833 ὲ
633 1784 749 1833 naturale
769 1800 821 1833 non
834 1786 872 1834 sia
885 1785 957 1851 privo
976 1801 991 1832 a
1010 1784 1076 1835 fatto

119 1869 303 1936 d’importanza
323 1887 367 1938 per
386 1872 411 1920 la
425 1873 591 1923 costituzione
605 1873 647 1923 del
668 1880 732 1922 testo
753 1873 904 1934 terenziano,
918 1873 999 1922 anche
1017 1888 1075 1937 per-

120 1954 164 2007 che
182 1957 233 2026 pud
251 1961 367 2027 supplire
386 1959 436 2012 alle
455 1962 546 2027 grandi
566 1962 658 2012 lacnne
677 1962 703 2011 di
724 1962 786 2028 quel
804 1962 891 2011 codice
910 1961 921 2025 (
941 1961 960 2024 ).

150 2042 152 2049 <

170 2138 198 2186 L'
206 2139 320 2189 edizione
335 2142 458 2205 princeps
478 2140 503 2188 di
524 2141 649 2191 Terenzio
669 2136 683 2188 e
702 2140 732 2189 di'
753 2140 906 2205 Strasburgo
933 2138 1075 2206 (Argento-

44 2236 45 2239 ’
118 2226 187 2290 rari),
205 2228 246 2278 del
267 2240 350 2291 14703
369 2230 454 2279 subito
472 2230 504 2278 da
517 2245 605 2294 presso
624 2229 648 2279 le
661 2229 736 2279 viene
749 2230 837 2295 quella
850 2231 876 2278 di
889 2230 1001 2280 Venezia
1013 2228 1076 2295 (con

118 2315 139 2364 il
155 2331 243 2367 comm.
263 2318 289 2366 di
306 2317 429 2382 Donato),
449 2317 492 2368 del
513 2318 589 2379 1476.

125 2477 317 2492 ——n

169 2591 201 2642 (1)
211 2591 270 2643 Coei,
285 2607 324 2645 per
338 2607 377 2645 es,
391 2606 457 2634 senza
472 2591 605 2634 distintione
620 2594 715 2636 metrica
730 2608 786 2636 sono
802 2594 808 2636 i
824 2596 889 2639 codd.
906 2598 921 2637 B
933 2596 952 2637 E
963 2594 984 2636 G
994 2597 1021 2639 V.

171 2662 204 2714 (a)
216 2664 260 2706 Per
277 2665 298 2706 la
313 2665 463 2716 tribuamus,
479 2664 587 2716 riguardo
608 2665 629 2706 ai
651 2679 705 2707 mss.
719 2666 848 2717 terenziani,
869 2667 970 2709 rimando
985 2681 1074 2720 sempre

44 2724 46 2729 ’
120 2733 217 2787 all'Allg.
227 2737 290 2777 Einl.
305 2749 421 2787 premessa
436 2736 530 2779 all’ediz.
545 2736 582 2777 del
596 2737 679 2786 Pham
695 2735 718 2778 di
733 2737 945 2790 DeiatzlroHanler,
954 2752 976 2790 p.
992 2742 1016 2781 28
1027 2749 1076 2790 sm

119 2805 158 2846 ct'r.
171 2818 250 2848 ancora
263 2808 326 2849 Krit.
342 2807 444 2860 Anhang
457 2808 502 2848 alla
517 2815 590 2849 stessa
605 2807 714 2859 edizione,
728 2820 764 2859 pp.
781 2811 881 2861 184·190;
897 2809 918 2850 le
933 2823 969 2860 pp.
980 2808 1014 2850 tx
1024 2823 1076 2860 εις.

119 2874 177 2917 della
192 2877 316 2928 preiazione
331 2872 422 2932 all'ediz.
437 2876 604 2921 tauchnitziana
619 2878 678 2919 dello
694 2878 816 2930 Dziatzko;
834 2880 892 2922 oltre
906 2880 938 2931 gli
954 2879 1025 2922 scritti
1035 2879 1076 2932 gi'a

117 2942 182 2986 citati
194 2945 215 2987 in
229 2957 308 2999 questo
322 2950 451 3000 paragrafo.
732 2941 735 2947 “
