2850 4259
747 319 830 373 40
1517 318 1572 360 P.
1619 317 1894 362 ‘rutum

749 438 1048 502 Posterius
1076 456 1089 500 :

1172 442 1316 500 nolo
1362 440 1425 500 in
1474 442 1643 500 sslum
1688 439 1927 519 grauius
1972 439 2216 501 dtcerel
2537 463 2631 512 140

750 534 863 589 ΜΙ.
929 532 1061 590 Ν33
1090 530 1239 589 nshss
1271 549 1467 607 neque
1501 529 1705 589 omnia
1738 532 1886 591 haec
1918 539 2057 590 sunt
2089 547 2242 607 quae
2274 529 2418 591 diest
2443 540 2631 589 tamen.

748 623 890 680 Non
935 619 1088 679 nihil
1135 621 1388 679 molesta
1432 623 1581 680 haec
1625 625 1764 679 stint
1807 619 1972 693 mihi,
2023 620 2132 679 sed
2176 620 2488 680 ostendere

748 711 852 768 Me
897 714 1074 786 aegre
1120 708 1245 787 pati
1288 707 1372 767 illi
1419 707 1628 769 nolui:
1707 728 1846 769 nam
1892 707 2030 769 itast
2073 710 2294 768 homo:

746 958 821 1005 aa'
849 957 998 1005 Fam.
1026 969 1076 1020 9,
1113 969 1188 1018 14,
1217 970 1247 1021 3
1273 956 1521 1022 gratulor
1546 957 1652 1018 tibi,

744 1044 858 1076 cum
898 1035 1104 1077 tantum
1139 1028 1280 1077 vales
1307 1029 1457 1092 apud
1487 1028 1655 1078 Dola-

743 1099 962 1158 bellam,·
1009 1112 1088 1162 13,
1120 1111 1201 1159 24,
1229 1113 1258 1149 2
1287 1100 1381 1149 tibi
1400 1101 1654 1148 maximas

738 1171 943 1234 gratias
996 1187 1107 1235 ago,
1172 1188 1286 1219 cum
1349 1168 1457 1234 (ma
1518 1172 1663 1233 quod

747 1240 782 1287 il
822 1239 1164 1305 Wesenberg)
1202 1249 1405 1291 tantum
1453 1242 1653 1291 litterae

745 1327 881 1360 meae
896 1320 1200 1375 potuerunt,
1228 1320 1377 1371 ut...,·
1414 1314 1496 1361 De
1521 1321 1651 1362 orat.

746 1396 792 1439 2,
855 1394 951 1448 154
997 1400 1098 1447 quo
1149 1384 1298 1433 etiam
1352 1384 1518 1431 maior
1567 1384 1652 1433 vir

745 1455 1006 1505 habendus
1063 1462 1149 1512 est,
1202 1471 1315 1503 cum
1366 1453 1475 1519 (ma
1527 1472 1649 1518 quo-

745 1525 885 1573 niam
932 1524 984 1574 lo
1036 1525 1267 1575 Stroebel
1318 1526 1519 1589 seguito
1566 1526 1651 1575 dal

744 1594 926 1656 Cima;
986 1598 1130 1660 quod
1172 1597 1209 1645 il
1265 1594 1451 1661 Sorof)
1508 1597 1650 1647 illam

740 1668 1044 1731 sapientiam
1066 1704 1078 1716 .
1104 1704 1115 1716 .
1141 1704 1151 1715 .
1211 1670 1459 1732 cognovit,
1508 1684 1610 1717 ecc.
1634 1687 1647 1731 ;

743 1737 864 1788 Sall.
903 1740 1021 1803 Iug.
1070 1751 1181 1795 102,
1226 1749 1272 1803 5.
1314 1738 1419 1788 Cfr.
1455 1739 1504 1789 13
1530 1748 1651 1789 nota

740 1810 791 1859 al
827 1826 873 1860 v,
920 1808 998 1859 18.

823 1895 936 1942 140.
975 1882 1131 1947 Dopo
1170 1891 1349 1949 queste
1375 1882 1549 1947 parole
1580 1883 1646 1931 D.

739 1953 900 2003 lascia
937 1953 988 2001 la
1013 1969 1197 2013 scena;
1237 1954 1649 2020 probabilmente

739 2025 783 2073 si
819 2025 963 2073 avvia
1001 2041 1094 2089 per
1131 2025 1167 2073 il
1209 2034 1430 2075 mercato
1469 2042 1497 2073 a
1523 2026 1647 2074 sbri-

739 2112 858 2161 gare
898 2112 989 2145 sue
1026 2096 1286 2147 faecende.

817 2181 932 2228 141.
970 2168 1091 2216 Non
1131 2168 1241 2217 solo
1291 2168 1522 2217 riferisco
1573 2175 1646 2216 ta-

741 2255 870 2297 men,
920 2254 1066 2287 come
1115 2240 1339 2303 Donat0‚
1391 2255 1422 2287 3
1472 2239 1647 2304 quello

738 2310 832 2359 che
872 2310 1104 2375 precede,
1144 2326 1228 2359 ma
1262 2311 1313 2359 vi
1345 2326 1505 2374 segno
1545 2326 1648 2359 una

737 2377 828 2445 pin
866 2381 1000 2431 forte
1038 2381 1441 2447 interpunzione.
1482 2380 1586 2429 Cfr.
1627 2381 1644 2429 i

736 2468 812 2501 vv.
860 2466 974 2512 110,
1009 2463 1143 2515 174;
1182 2455 1327 2505 Eun.
1357 2465 1475 2517 243,
1507 2451 1644 2511 8663

735 2525 929 2573 Heaut.
983 2522 1102 2586 678,
1165 2537 1325 2583 1012;
1385 2540 1487 2574 ece.
1538 2524 1645 2573 Ab·

734 2595 908 2643 biamo
946 2591 1029 2659 gi&
1078 2602 1232 2643 avuto
1269 2595 1537 2644 occasione
1593 2595 1646 2643 di

739 2666 818 2714 far
863 2673 1040 2715 notare
1087 2666 1137 2715 13
1185 2666 1525 2716 collocazione
1593 2666 1645 2715 di

738 2745 924 2786 tamen.
965 2737 1106 2801 Essa,
1147 2753 1293 2787 come
1319 2737 1479 2787 molte
1515 2737 1644 2787 altre

738 2808 917 2873 parole
953 2808 1006 2857 di
1057 2810 1246 2859 misura
1292 2809 1561 2875 pirrichica
1614 2824 1646 2856 o

736 2879 994 2943 giambica
1030 2878 1104 2945 (p.
1134 2897 1175 2930 e.
1187 2880 1332 2944 face,
1361 2882 1499 2937 siem,
1529 2880 1640 2938 siet,

737 2952 905 3011 duint,
962 2950 1104 3013 ecc.),
1162 2948 1191 2999 ὲ
1246 2952 1300 3000 di
1348 2950 1646 3017 preferenza

735 3030 880 3071 usata
927 3024 990 3072 da
1040 3024 1291 3073 Terenzio
1344 3024 1398 3072 in
1451 3021 1553 3072 fine
1592 3022 1643 3070 di

736 3093 882 3152 versi,
923 3095 1016 3143 che
1055 3095 1096 3142 si
1135 3095 1391 3143 chiudano
1429 3110 1524 3143 con
1574 3109 1643 3141 un

733 3165 976 3228 giambo;
1016 3164 1121 3215 cosi
1161 3166 1213 3214 in
1240 3182 1313 3230 gr.
1341 3163 1507 3228 ὅμως.
1535 3163 1641 3214 Cfr.

732 3235 861 3286 oltre
912 3236 1016 3302 agli
1065 3253 1134 3287 35.
1185 3238 1268 3287 cit.
1325 3237 1343 3286 i
1391 3254 1471 3287 vv.
1523 3234 1642 3298 687,

731 3317 873 3371 95o;
923 3310 1096 3357 Andr.
1154 3322 1238 3370 94,
1299 3307 1438 3366 8813
1494 3309 1641 3356 Eun.

732 3392 833 3440 24;
873 3396 974 3429 ecc.
1028 3380 1236 3441 Quanto
1286 3381 1334 3429 al
1385 3386 1637 3438 concetto,

731 3452 855 3498 ordo
900 3458 1008 3500 est:
1057 3451 1242 3514 Neque
1297 3458 1469 3500 tamen
1521 3450 1642 3498 llaec

732 3538 862 3583 quae
901 3523 1037 3581 dicit,
1064 3529 1192 3570 sunt
1217 3524 1403 3571 omnia.
1434 3518 1637 3586 (Don.).

732 3616 797 3626 -—
825 3593 974 3652 nihil,
1009 3593 1282 3658 pirrichi03
1321 3593 1412 3642 cfr.
1440 3610 1487 3641 v.
1524 3591 1638 3642 118.

808 3676 922 3724 142.
962 3666 1056 3712 sed
1084 3686 1156 3705 =
1198 3665 1291 3714 sed
1332 3672 1518 3724 tamen,
1574 3660 1639 3713 (13

1764 955 1934 1006 valore
1972 955 2266 1005 concessivo
2304 954 2404 1004 alla
2435 954 2634 1021 proposi·

1764 1027 1909 1076 zione
1945 1028 2269 1093 precedente.
2308 1028 2541 1080 Intendi:
2572 1027 2632 1075 E·

1764 1100 1967 1164 quidem
2004 1099 2206 1147 moleste
2226 1098 2356 1162 fero
2381 1101 2519 1162 quod
2534 1099 2633 1145 haec

1760 1173 1817 1220 in
1854 1186 1906 1218 se
1942 1170 2212 1219 admiserit
2248 1170 2541 1227 Aeschinus,
2564 1168 2637 1217 sed

1763 1249 1933 1290 tamen
1972 1241 2133 1298 nolui,
2178 1257 2279 1291 ecc.
2333 1241 2479 1290 Dove
2522 1241 2631 1296 haec,

1763 1319 1956 1377 quanto
1993 1311 2042 1360 al
2069 1311 2370 1375 significate,
2412 1308 2439 1359 ὲ
2464 1312 2632 1360 diverso

1760 1383 1878 1431 dall'
1903 1385 2023 1432 haec
2084 1383 2168 1433 del
2231 1400 2275 1432 v.
2348 1397 2438 1444 141
2469 1399 2480 1440 ς
2536 1380 2633 1430 vuol

1760 1455 1867 1505 dire
1894 1449 2004 1503 cioe
2029 1454 2254 1505 Micione
2276 1474 2286 1505 :
2329 1452 2425 1503 Cio
2463 1455 2548 1503 che
2568 1468 2633 1501 co·

1760 1526 1861 1575 stui
1916 1526 2029 1575 dice
2085 1526 2138 1574 di
2193 1526 2417 1575 Eschino
2472 1540 2564 1573 non
2610 1518 2632 1570 ὲ

1760 1604 1892 1646 tutto
1927 1597 2073 1656 falso,
2102 1614 2184 1646 ma
2208 1593 2272 1645 ne
2299 1613 2451 1646 meno
2476 1593 2503 1644 ὲ
2526 1602 2632 1644 tutto

1757 1685 1893 1719 vero.
1945 1667 2113 1727 Certo,
2167 1684 2272 1718 non
2321 1668 2541 1732 garbano
2582 1661 2633 1715 n}

1757 1756 1884 1805 pure
1916 1758 1946 1788 a
1985 1757 2067 1789 me
2093 1739 2141 1789 le
2179 1756 2270 1789 sue
2297 1740 2518 1790 maniere
2550 1737 2632 1787 ela

1757 1827 1847 1860 sua
1892 1812 2143 1876 condotta·
2183 1810 2343 1875 (llaec,
2395 1827 2496 1859 non
2538 1812 2633 1856 haec

1757 1899 1889 1945 quae
1927 1884 2053 1932 dicit
2084 1882 2168 1942 D„
2195 1882 2290 1932 che
2323 1899 2415 1947 per
2439 1882 2633 1930 Micione

1757 1970 1848 2001 nec
1874 1955 2012 2002 nihil
2032 1970 2195 2017 neque
2222 1956 2447 2003 omnia...
2480 1947 2631 2013 sunt);

1757 2041 1840 2072 ma
1879 2026 2090 2073 tuttavia
2127 2041 2233 2073 non
2257 2025 2326 2074 ho
2351 2027 2523 2074 voluto
2546 2036 2631 2071 mo·

1756 2102 1912 2145 strare
1950 2114 1980 2145 a
2018 2096 2122 2145 mio
2162 2096 2366 2146 fratello
2406 2097 2459 2145 di
2494 2104 2629 2144 tener-

1755 2184 1905 2217 mene
1933 2169 2125 2217 offeso:
2154 2168 2306 2232 guai!
2334 2168 2470 2217 avrei
2493 2178 2631 2215 messo

1754 2238 1787 2286 1¹
1811 2255 1925 2288 esca
1980 2248 2191 2288 accanto
2242 2239 2291 2287 al
2348 2240 2526 2287 fuocol
2578 2260 2628 2271 -

1755 2311 1902 2368 nihil,
1950 2310 2223 2375 pirrichi03
2280 2310 2370 2359 cfr.
2428 2327 2473 2361 v.
2517 2322 2627 2374 pree.

1755 2408 1823 2417 -
1863 2383 2001 2440 milti,
2042 2397 2141 2431 con
2178 2382 2227 2430 la
2277 2380 2432 2431 finale
2468 2380 2626 2443 lunga;

1754 2453 1893 2510 mihi,
1933 2455 2040 2515 tibi,
2079 2455 2179 2503 sibi
2212 2468 2340 2502 sono
2384 2469 2477 2518 per
2508 2448 2632 2500 milui

1754 2525 1886 2581 tibei,
1924 2526 2048 2573 sibei
2069 2524 2155 2575 del
2181 2525 2268 2575 lat.
2296 2540 2396 2574 arc.
2430 2521 2539 2572 Cosi
2560 2517 2628 2569 nel

1754 2594 1839 2644 lat.
1882 2596 2026 2646 class,
2066 2596 2237 2644 hanno
2288 2596 2476 2645 misura
2510 2590 2627 2659 pirri·

1752 2668 1897 2735 chica
1932 2682 2030 2715 con
2067 2669 2151 2728 ibi,
2180 2668 2283 2728 ubi,
2310 2684 2402 2732 per
2434 2666 2482 2714 la
2503 2667 2628 2727 legge

1751 2739 1891 2787 delle
1951 2738 2127 2803 parole
2188 2738 2478 2802 giambiche
2533 2733 2626 2796 (cfr.

1751 2828 1797 2859 v.
1869 2806 2025 2874 123);
2089 2826 2172 2858 ma
2236 2825 2364 2858 sono
2428 2802 2626 2857 misurati

1751 2897 1897 2930 come
1935 2881 2143 2945 giambi,
2184 2897 2238 2930 se
2276 2882 2446 2929 hanno
2481 2880 2525 2929 la
2557 2874 2623 2926 sil·

1751 2953 1869 3002 laba
1906 2952 2059 3002 finale
2095 2953 2149 3001 in
2199 2952 2314 3002 arsi.
2356 2979 2421 2987 -—
2470 2952 2553 3000 sed
2587 2963 2624 2994 0-

1750 3025 2012 3074 stendere:
2041 3024 2078 3071 il
2105 3039 2243 3072 mon.
2269 3023 2422 3074 breve
2447 3022 2531 3070 sed
2546 3032 2624 3068 con

1750 3095 1802 3144 la
1840 3095 2021 3144 sillaba
2057 3094 2259 3144 iniziale
2306 3094 2440 3145 della
2478 3089 2623 3158 parola

1751 3173 1996 3230 seguente
2035 3166 2200 3216 forma
2249 3182 2448 3231 gruppo
2487 3164 2624 3229 giam·

1750 3238 1883 3287 bico.
1925 3236 2030 3286 Cfr.
2070 3254 2115 3289 v.
2160 3236 2244 3300 81,
2297 3237 2429 3301 238;
2477 3233 2621 3285 Andr.

1753 3309 1855 3368 663
1893 3324 1995 3358 ecc.

1830 3395 1887 3440 14
1897 3393 1945 3443 3.
1972 3396 2124 3445 aegre
2136 3382 2261 3445 pati
2276 3398 2292 3430 .·
2332 3381 2419 3431 cfr.
2445 3378 2621 3427 molesta

1750 3452 1872 3500 haec
1906 3459 2036 3499 sunt
2072 3453 2199 3501 milti
2232 3452 2317 3501 del
2354 3469 2398 3500 v.
2440 3462 2540 3509 142.
2565 3470 2617 3481 --

1750 3524 1887 3572 itast.
1927 3522 2065 3572 Nota
2102 3523 2135 3571 l'
2159 3524 2395 3573 avverbio
2444 3523 2490 3570 in
2522 3519 2619 3568 fun·

1750 3594 1897 3642 zione
1932 3594 1985 3642 di
2012 3594 2273 3660 predicato
2312 3611 2408 3644 con
2431 3594 2465 3642 11
2488 3589 2617 3640 verbo

1752 3681 1871 3727 esse,
1898 3665 1993 3716 che
2016 3662 2045 3715 ὲ
2072 3681 2175 3717 una
2204 3659 2528 3733 particolarit&
2546 3657 2617 3708 del
