2850 4259
758 308 878 349 100

1521 306 1577 352 P.
1625 305 1899 349 ‘rmum

750 433 870 491 SY.
919 430 1088 491 ‘Non
1132 441 1199 492 tu
1244 434 1363 493 hoc
1406 442 1718 510 argentum
1766 431 1983 511 perdis
2045 432 2152 493 sed
2215 431 2397 492 uitam
2441 432 2625 491 tuam.’

747 522 879 579 DE.
950 521 1160 581 Saluos
1195 521 1311 616 ιεἰῐ,
1376 539 1593 599 spero:

757 876 873 939 Nil·
904 877 1314 963 maetam-itte
1341 897 1356 939 z

1679 532 1769 582 est
1838 519 2043 581 similis
2109 519 2401 581 maiouim
2466 540 2625 580 suom.

1642 614 1757 683 SY.
1808 610 1974 672 Hui!

753 700 880 759 DE.
914 699 1078 777 Syre,
1113 707 1567 778 praeceptorum
1599 703 1838 777 plenust
1867 700 2114 761 istorum
2149 701 2267 760 ssle.

753 786 932 849 Domi
974 780 1185 848 heibu'it
1232 792 1392 849 unde
1438 782 1715 850 dsscefe‘t'.

1429 876 1806 939 consuefacio
1834 896 1846 938 :

2525 630 2590 681 41
2607 630 2625 666 1

2360 700 2469 761 SY.
2498 697 2631 777 Phyi

1809 792 1937 850 DE.
1986 788 2082 848 Fit
2127 790 2386 849 sedulo:

1923 876 2188 954 denique

757 970 1054 1046 Insplcere
1100 977 1402 1045 tamquam
1451 967 1512 1027 in
1559 970 1864 1046 speculum
1910 966 1974 1026 in
2024 966 2177 1027 uitas
2222 965 2487 1026 omnium
2530 981 2633 1041 415

757 1057 941 1116 Iubeo
989 1064 1170 1134 atque
1218 1077 1292 1117 ex
1335 1055 1466 1117 aliis
1512 1061 1745 1117 slimere
1792 1059 2159 1134 exemplam
2180 1053 2324 1116 sibi.

761 1151 773 1175 ‘
793 1147 929 1205 Hoc
994 1144 1193 1207 facitO.
1219 1148 1231 1172 ’

1325 1148 1445 1207 SY.
1492 1148 1683 1206 Recte
1744 1153 1904 1205 sane.

1998 1147 2128 1206 DE.
2196 1148 2213 1175 ‘
2227 1144 2366 1211 Hoc
2423 1142 2631 1221 fugito)

1642 1238 1761 1295 SY.
1810 1234 2063 1296 Canide.

757 1324 882 1384 DE.
935 1325 950 1353 ‘
965 1326 1103 1384 Hoc
1161 1323 1435 1385 landist.’

824 1674 887 1724 41
903 1673 946 1711 1.
986 1662 1171 1721 Saluos
1200 1663 1283 1722 sit,
1309 1670 1475 1730 spero:
1502 1662 1662 1726 Spero
1699 1717 1707 1726 ·

757 1731 785 1779 ἒζ·
842 1733 988 1781 unito
1038 1730 1506 1797 paratatticamente
1562 1733 1662 1781 alla

757 1804 1111 1869 proposizione
1150 1804 1242 1853 che
1280 1805 1532 1870 precede;
1570 1804 1659 1852 cfr.

761 1875 863 1925 226
900 1891 929 1926 e
954 1875 1005 1923 la
1029 1883 1151 1924 nota
1175 1875 1227 1923 al
1252 1892 1301 1925 v.
1326 1886 1410 1937 79.
1439 1876 1501 1924 V.
1527 1876 1663 1940 App.

757 1947 864 1995 crit.
892 1972 958 1981 ——
985 1947 1186 2003 similis,
1211 1962 1308 1995 con
1334 1947 1373 1996 il
1404 1946 1630 2011 genitivo
1652 1966 1665 2000 ;

757 2017 846 2067 cfr.
886 2033 930 2066 v.
961 2016 1045 2079 96.
1075 2044 1138 2052 —-
1160 2034 1309 2067 suom
1339 2040 1410 2059 =
1435 2034 1664 2076 suorum,

761 2085 870 2139 c'me
895 2089 1122 2153 genitivo
1147 2104 1245 2137 con
1270 2089 1309 2137 il
1334 2088 1536 2138 suffisso
1562 2103 1666 2136 -om

761 2159 879 2223 [con
900 2178 929 2208 o
947 2160 1139 2223 breve),
1161 2156 1251 2225 pist
1276 2161 1447 2209 antico
1466 2176 1494 2209 e
1514 2174 1667 2209 meno

765 2246 981 2281 comune
1017 2231 1102 2281 del
1139 2229 1344 2280 suffisso
1385 2248 1530 2289 -som,
1569 2246 1667 2278 con

757 2323 785 2351 ε]
810 2302 972 2367 lunga
997 2300 1042 2367 (·
1045 2302 1205 2364 rum).
1234 2303 1279 2352 Il
1305 2301 1557 2351 suffisso-
1537 2318 1666 2350 -som

757 2371 885 2435 [cosi
911 2373 949 2422 il
974 2371 1178 2424 suffisso
1203 2390 1324 2438 gr.-
1305 2370 1482 2437 ·“σων)
1503 2373 1674 2455 prim‘

761 2447 812 2492 fu
850 2453 995 2493 usato
1031 2444 1141 2493 solo
1179 2461 1276 2494 con
1314 2445 1329 2493 i
1358 2445 1481 2494 temi
1510 2446 1564 2493 in
1596 2460 1664 2500 -a,

757 2516 845 2580 poi
883 2531 942 2563 su
980 2516 1148 2581 questi
1174 2516 1404 2580 genitivi,
1434 2531 1525 2581 per
1548 2531 1668 2564 ana·

761 2587 896 2650 logia
934 2587 1269 2638 determinata
1305 2588 1371 2635 da
1402 2586 1666 2652 parecchie

761 2674 908 2707 eause
927 2656 1119 2722 (vedile
1141 2659 1333 2708 riferite
1354 2659 1408 2706 in
1432 2658 1611 2720 Henry
1627 2668 1665 2719 5,

761 2726 934 2777 Pre'cis
985 2731 1043 2778 de
1087 2730 1315 2778 Gramm.
1364 2738 1522 2794 comp.
1571 2738 1666 2778 etc.

765 2799 797 2863 ᾗ
830 2798 943 2861 18'9‚
983 2817 1032 2865 p.
1063 2798 1205 2865 209),
1233 2800 1275 2849 si
1314 2800 1668 2850 modellarono

761 2875 773 2919 ἱ
825 2872 1040 2935 genitivi
1079 2871 1162 2920 dei
1209 2872 1331 2921 temi
1370 2873 1425 2920 in
1464 2889 1531 2930 -0,
1572 2872 1666 2920 che

765 2944 942 3007 quindi
980 2942 1216 2992 uscirono
1254 2943 1310 2991 in
1344 2959 1519 2992 -orum
1558 2943 1667 2991 anzi

761 3014 853 3063 *che
873 3014 927 3061 in
947 3030 1051 3061 -om
1073 3029 1104 3061 o
1125 3030 1249 3062 -um.
1271 3014 1322 3061 N
1325 3014 1430 3078 egli
1450 3014 1667 3063 scrittori

765 3085 845 3134 del
880 3084 1092 3149 periodo
1118 3084 1282 3143 class„
1309 3086 1439 3134 oltre
1466 3085 1558 3134 che
1584 3086 1669 3134 nei
1710 3109 1716 3117 ·

765 3156 917 3219 poeti,
947 3163 1128 3221 questa
1163 3156 1332 3205 forma
1361 3157 1413 3205 di
1440 3157 1669 3220 genitivo

765 3228 950 3277 ricorre
987 3227 1043 3276 in
1078 3235 1216 3277 certe
1253 3228 1476 3277 formule
1513 3228 1667 3291 giuri-

765 3298 908 3347 diche
947 3314 976 3348 e
1012 3297 1298 3361 liturgiche,
1339 3315 1367 3349 e
1417 3300 1473 3347 in
1533 3307 1669 3348 certe

765 3369 1069 3434 espressioni
1109 3371 1336 3419 tecniche
1374 3386 1402 3419 e
1440 3370 1526 3419 del
1570 3370 1667 3418 lin-

765 3441 985 3505 guaggio
1035 3438 1276 3490 ufficiale.
1334 3440 1439 3490 Cfr.
1504 3442 1669 3489 Deum

769 3512 1116 3569 Consentum,·
1158 3514 1463 3571 sestertium,
1516 3529 1667 3560 num-

765 3599 919 3641 mum,
950 3583 1251 3648 praefectus
1271 3582 1517 3647 fabrum,
1563 3598 1665 3632 ecc.

765 3654 1026 3724 -·Hui,·
1062 3653 1154 3703 cfr.
1192 3669 1238 3704 v.
1280 3654 1400 3705 216.

1520 1328 1634 1385 SY.
1700 1327 1890 1385 Istaec
1952 1330 2048 1385 res
2110 1334 2225 1390 est.
2312 1260 2438 1383 DE.

1643 1411 1791 1473 uitio
1838 1414 2068 1474 daturst

2498 1326 2512 1354 ‘
2528 1290 2640 1381 Hoc

1842 1675 1964 1722 412.
2014 1662 2249 1720 istorum,
2301 1674 2444 1710 come
2497 1656 2642 1723 quello

1770 1734 1853 1782 del
1892 1750 1937 1781 v.
1970 1746 2092 1794 410.
2123 1758 2189 1767 —-
2219 1732 2359 1795 Phys
2396 1730 2641 1779 interiectio

1772 1805 2050 1862 irrisionis,
2066 1819 2211 1867 come
2231 1803 2351 1851 dice'
2365 1802 2415 1850 lo
2438 1801 2641 1849 scoliasta

1777 1875 1862 1924 del
1898 1876 2157 1923 Bembina.

1847 1958 1966 2009 413.
2007 1946 2151 1994 unde·
2185 1965 2259 1985 =
2307 1962 2341 1992 a
2396 1960 2532 2007 quo,·
2575 1941 2642 1990 cfr.

1775 2034 1819 2065 v.
1850 2018 1969 2081 361.
1998 2044 2065 2052 —-
2090 2017 2185 2065 Fit
2212 2017 2403 2074 sedula,
2430 2015 2514 2062 sel.
2537 2030 2565 2060 a
2586 2027 2643 2058 me

1775 2096 1838 2137 ut
1884 2089 2061 2138 discat.
2110 2086 2215 2137 Cfr.
2266 2103 2309 2134 v.
2366 2096 2445 2150 50.
2503 2085 2641 2138 Usat0,

1774 2176 1919 2209 come
1982 2160 2087 2225 qui,
2149 2158 2553 2214 assolutamente,
2603 2153 2643 2200 in

1774 2248 1820 2280 v.
1850 2241 1985 2295 2513
2014 2231 2184 2278 Andr.
2215 2239 2342 2293 5973
2369 2230 2510 2277 Eun.
2534 2224 2643 2290 362;

1773 2303 1933 2351 Phor.
1974 2267 2091 2350 ⁹228.

1843 2386 1965 2434 414.
2017 2371 2356 2436 consuefacit),
2400 2370 2486 2419 sel.
2522 2381 2643 2419 eum:

1773 2444 1863 2493 cfr.
1904 2461 1950 2493 v.
1987 2456 2111 2505 402.

1845 2514 2098 2579 415-416.
2148 2516 2463 2579 Inspicere...
2508 2512 2643 2564 Iubeo,

1774 2588 1864 2637 sel.
1903 2604 2015 2635 eum
2038 2603 2059 2641 ,·
2097 2584 2189 2635 cfr.
2229 2601 2273 2634 v.
2315 2598 2437 2646 401.
2484 2586 2647 2633 Demea

1774 2674 1982 2708 avvezza
2019 2658 2058 2706 il
2096 2656 2328 2721 figliuolo
2366 2672 2396 2704 a
2437 2652 2646 2720 guardare

1774 2730 1911 2779 nella
1947 2730 2053 2779 vita
2085 2728 2223 2792 degli
2278 2727 2409 2785 altri,
2448 2740 2580 2775 come
2607 2721 2648 2769 in

1776 2816 1880 2849 uno
1918 2800 2173 2866 specchi0‚
2219 2815 2309 2864 per
2361 2804 2523 2847 trarne
2566 2808 2647 2842 am-

1775 2878 2170 2921 maestramento
2230 2886 2323 2935 per
2375 2869 2424 2917 la
2477 2863 2647 2933 proptia

1776 2943 2032 2994 condotta.
2070 2941 2393 2990 Similmente
2441 2939 2480 2987 il
2528 2935 2650 3002 padre

1776 3015 1827 3062 di
1868 3014 2049 3064 Orazio
2088 3011 2220 3078 (Sat.
2267 3026 2309 3074 1,
2337 3028 2387 3074 4,
2425 3020 2515 3073 105
2540 3003 2645 3070 sg.):

1775 3086 2003 3134 insuevit
2026 3092 2182 3148 pater
2219 3084 2442 3147 optimus
2475 3082 2558 3129 hoc
2580 3091 2650 3129 me»

1783 3157 1857 3207 Ut
1873 3156 2118 3220 fugerem
2159 3154 2402 3218 exemplis
2438 3153 2648 3202 vitiorum

1776 3243 2006 3291 quaeque
2043 3226 2285 3275 notanda.
2342 3224 2448 3275 Cfr.
2496 3233 2649 3270 ancora

1723 3315 1728 3320 ·
1774 3299 1827 3346 di
1866 3298 2051 3348 Orazio
2089 3297 2104 3344 i
2143 3296 2274 3344 versi
2311 3296 2405 3345 che
2457 3302 2649 3357 seguono

1777 3367 1925 3434 (107-
1940 3367 2074 3433 115),
2104 3368 2197 3417 che
2237 3381 2459 3431 possono
2495 3376 2646 3428 oppor-

1777 3448 2073 3489 tunamente
2112 3454 2279 3489 essere
2305 3433 2586 3487 ravvicinati
2613 3429 2647 3477 ai

1775 3527 1853 3560 vv.
1910 3523 2035 3574 417-
2042 3524 2145 3573 419
2205 3509 2259 3558 di
2316 3516 2493 3574 questa
2542 3517 2645 3554 com·

1777 3583 1960 3632 media.

1845 3652 1969 3716 418.
2006 3655 2176 3703 Istaec
2212 3668 2298 3701 res
2335 3658 2425 3713 est,
2454 3637 2645 3716 quesn&
