2850 4259
516 308 680 351 ADELPHOE

1012 308 1072 368 225
1103 283 1106 294 ’

122 433 183 492 Sed
207 430 231 490 si
254 431 286 492 id
318 432 405 493 uoltis
435 432 542 511 potius,
575 452 651 511 quae
675 451 730 494 uos
760 443 881 512 propter
903 433 1073 496 adulescen-

566 522 638 582 tiam

120 610 223 669 Mtn‘tis
246 608 362 684 uidetis,
388 610 480 690 magis
502 611 627 690 inpense
650 612 765 689 eripitiS,
791 611 944 673 consulitis
959 629 1073 690 parum,

120 701 207 759 Haec
229 701 447 778 reprehendere
470 707 500 761 et
522 703 667 779 corrigere
683 712 714 762 et
729 703 933 764 obsecundare
949 708 978 760 tn
993 703 1072 776 loc0,

120 778 201 848 Ecce
222 806 280 861 me,
303 788 354 866 qui
377 789 408 849 id
431 789 536 852 faciam
560 790 653 851 uobis.
701 793 763 854 AE.
789 789 871 866 Tibi,
893 800 985 869 pater,
1010 809 1074 869 per·

563 878 707 940 mittimus
721 898 728 941 ε

1011 896 1072 959 995

121 1252 133 1276 c
156 1232 235 1281 lascio
258 1247 356 1284 correre
381 1252 403 1292 ι,
434 1254 444 1277 ι
472 1252 513 1285 me
537 1251 570 1285 ne
621 1244 709 1301 pense.
741 1234 849 1284 Osserva
873 1234 893 1283 il
911 1234 991 1284 Fabia
1019 1232 1075 1299 (nel

119 1303 178 1352 lavo
204 1304 228 1353 le
253 1305 322 1353 mani
343 1324 365 1354 ι.
389 1307 438 1355 Per
462 1306 487 1355 la
506 1306 570 1356 srase

119 1373 165 1423 cfr.
185 1375 211 1423 la
229 1382 290 1424 nota
307 1376 332 1424 al
350 1393 373 1425 v.
393 1377 453 1438 906.
465 1389 506 1413 '-
532 1395 569 1426 ec-

111 1446 231 1510 fundite,
263 1448 333 1495 emite
364 1464 406 1513 qq.
438 1465 487 1498 ss.:
524 1449 568 1499 cfr.

119 1533 142 1566 v.
156 1530 166 1565 1
171 1529 207 1579 34
213 1515 367 1578 Profunda!
369 1521 468 1582 perdat
470 1526 568 1584 pereat.

156 1598 283 1652 992995.
308 1590 361 1637 Sed
376 1590 399 1638 sc'
422 1592 453 1639 id
466 1591 569 1641 uoltis...

117 1674 186 1723 quae
205 1676 277 1710 uos...
299 1661 416 1712 uidetis...
441 1663 514 1711 Haec
531 1678 584 1711 rev

114 1730 301 1799 prehendere...
324 1733 390 1779 Ecce
415 1749 453 1781 me
474 1749 516 1798 qq.
536 1749 568 1782 ss.

120 1803 148 1864 E,
164 1800 190 1848 lo
214 1809 293 1850 stesso
317 1802 372 1867 giro
390 1803 416 1852 di
439 1804 506 1853 frase
523 1805 570 1854 che

117 1872 241 1921 abbiamo
258 1881 346 1922 notato
358 1890 373 1921 a
385 1876 516 1941 proposito
529 1876 570 1924 dei

115 1960 159 1991 vv.
182 1942 235 2005 986
258 1959 313 2009 sg.;
338 1942 393 1993 cioe
411 1947 442 1994 id
461 1947 571 2010 anticipa

116 2016 144 2064 le
175 2015 347 2079 proposizioni
378 2015 502 2067 infinitivo
529 2017 570 2066 del

116 2103 141 2135 v.
164 2098 224 2149 994,
245 2103 308 2148 quae
327 2083 341 2134 ὲ
360 2089 457 2152 ripreso
475 2087 517 2136 dal
530 2104 567 2138 se·

116 2163 216 2222 guente
235 2159 301 2217 haec,
321 2173 394 2207 come
413 2158 429 2206 l’
441 2159 531 2207 ultimo
544 2160 574 2208 id

115 2229 180 2292 (qui
197 2227 348 2292 idfacicm)
367 2229 469 2294 ripiglia
484 2230 571 2294 quello

115 2299 163 2348 del
182 2315 207 2346 v.
227 2311 286 2359 992.

156 2382 217 2432 993.
231 2371 324 2419 Minus
336 2372 436 2420 uidetis.
451 2371 508 2421 Una
521 2371 576 2421 fra·⁴

115 2458 145 2492 se
166 2441 193 2488 di
215 2457 289 2490 senso
314 2443 439 2491 contrario
465 2445 571 2493 sarebbe

112 2513 180 2578 plus
204 2514 298 2570 videre,
326 2530 372 2578 per
396 2530 439 2572 es„
465 2514 491 2562 in
517 2514 570 2564 Cic.

114 2584 190 2633 Phil.
210 2595 233 2641 2,
251 2597 260 2631 r
266 2593 288 2647 5,
303 2596 338 2647 39
357 2601 413 2632 cum
428 2602 467 2633 me
478 2587 571 2634 uidisse

109 2655 179 2720 plus
196 2654 350 2716 fateretrcr‚·
374 2671 389 2704 o
408 2656 488 2705 anche
509 2657 571 2721 plus

112 2733 217 2789 sapere,
247 2726 295 2787 Off.
316 2741 338 2784 2,
362 2740 400 2790 14,
423 2726 458 2788 48
483 2734 572 2790 sapere

109 2797 181 2862 plus
212 2812 288 2859 quam
319 2805 412 2846 ceteros
439 2800 570 2847 arbitran-

112 2876 183 2923 tur,·
202 2881 217 2914 0
236 2883 300 2931 pure
316 2868 377 2931 plus
389 2870 461 2928 scire,
475 2870 569 2918 Heaut.

118 2937 182 2996 116,
204 2936 262 3001 584,
282 2954 350 2998 ecc.;
370 2940 415 2989 cfr.
435 2940 454 2988 il
473 2957 495 2988 v.
509 2939 569 3003 996.

113 3008 222 3069 Minus,
248 3010 298 3059 due
322 3011 400 3059 brevi.
424 3038 457 3046 —-
481 3011 569 3075 magis.

113 3083 170 3129 Per
188 3079 207 3126 il
220 3095 266 3127 suo
279 3088 458 3146 contrapposto
473 3089 569 3145 parum

114 3151 170 3215 (ε
190 3157 281 3215 troppo
302 3153 385 3217 poco),
405 3150 419 3200 ὲ
444 3153 537 3217 uguale
555 3169 570 3200 a

111 3221 206 3279 fineis,
234 3222 258 3270 al
289 3223 365 3287 quale
391 3241 436 3288 per
464 3224 527 3272 altro
556 3223 570 3272 ὲ

112 3300 186 3342 stato
205 3294 326 3358 preterito
344 3311 390 3358 per
408 3295 447 3343 via
462 3294 504 3344 del
523 3297 568 3342 mi-

113 3380 172 3413 nus
183 3365 341 3428 precedente.
354 3392 384 3400 -
398 3367 516 3430 inpense:
527 3382 569 3431 ap·

112 3438 359 3508 passionatamente¹
371 3437 568 3486 ardentemente.

115 3510 142 3559 Ε
173 3501 217 3571 piit
246 3506 310 3556 sorte
337 3508 363 3555 di
388 3510 498 3565 misere,·
524 3508 569 3558 cfr.

112 3581 192 3630 Eun,
204 3591 257 3638 412
277 3594 314 3642 sg.
334 3579 382 3627 Illi
394 3579 511 3627 inuidere
524 3581 569 3628 rnc'-

113 3665 184 3706 sere,
209 3663 300 3698 uerum
312 3704 315 3709 ,
326 3667 394 3712 ιιφιιιςΙ
412 3657 497 3698 tamen
522 3651 568 3698 In·

624 1322 718 1357 comm.
737 1306 797 1357 all.
816 1322 837 1355 c.
857 1303 1009 1369 dell’Eun.)
1026 1307 1073 1356 che

623 1385 715 1443 questo
739 1377 857 1427 avverbio
884 1392 937 1430 non
960 1372 974 1424 ὲ
1001 1384 1074 1426 usato

624 1448 694 1499 nella
718 1464 792 1514 prosa
816 1448 926 1497 classica.
951 1447 1003 1496 Noi
1025 1454 1073 1497 tut·

624 1520 690 1570 tavia
709 1520 823 1569 notiamo
842 1520 888 1569 che
904 1534 956 1568 non
968 1514 982 1567 ὲ
996 1525 1073 1569 estra-

623 1607 672 1642 neo
690 1590 733 1639 all'
744 1606 791 1640 uso
809 1590 835 1639 di
853 1591 984 1642 Cicerone.

660 1674 720 1724 994.
745 1662 816 1711 Haec
837 1662 1037 1726 reprehendere.
1050 1699 1072 1713 ..

625 1734 793 1799 corrigere...
813 1733 1000 1782 obsecundare:
1018 1732 1035 1780 1’
1046 1750 1073 1782 o·
1137 1768 1138 1771 η

626 1805 746 1854 missione
759 1803 801 1852 del
813 1810 930 1867 soggetto
938 1801 1073 1869 (aliquem)

625 1877 702 1926 rende
721 1891 813 1923 ancora
836 1870 881 1940 pit
903 1874 1073 1939 impersonale

624 1948 649 1995 la
667 1947 750 2000 irase:
769 1944 820 1994 cosi
840 1945 925 1994 risalta
944 1946 984 1994 vie
1003 1962 1073 2011 mag·

624 2018 765 2083 giormente
789 2018 862 2065 Ecce,
874 2032 912 2065 me
930 2016 977 2065 che
995 2033 1073 2082 segue

624 2089 709 2138 subito
728 2089 802 2152 dopo.
826 2087 876 2137 Dei
900 2086 1027 2152 frequenti
1047 2106 1073 2139 e-

626 2160 715 2224 sempi,
739 2159 819 2207 anche
844 2158 871 2206 in
895 2157 1026 2222 Cicerone,
1046 2161 1073 2210 di
1154 2182 1158 2193 ·

625 2231 676 2280 tale
707 2229 851 2291 omissione,
880 2230 916 2278 mi
945 2229 1028 2279 limito
1058 2248 1073 2280 a

624 2303 702 2351 citare
721 2302 781 2349 Fen.
801 2312 825 2363 3,
840 2313 881 2360 21,
903 2313 936 2364 70
945 2301 1073 2365 fatentur

624 2373 737 2421 alienum
747 2388 797 2420 esse
807 2388 823 2420 a
832 2372 939 2431 iustitia,
949 2373 987 2419 ad
995 2389 1073 2436 quam

624 2444 682 2493 nati
704 2459 754 2492 esse
777 2442 919 2502 videamur,
942 2445 1074 2503 detrahere

624 2514 728 2579 aliquid
755 2514 784 2562 de
811 2514 905 2578 aliquo,
933 2516 1004 2578 quod
1026 2517 1075 2565 sibi

624 2593 746 2634 assumat.
764 2584 817 2635 Cfr.
830 2587 897 2651 App.
917 2586 971 2635 crit.
988 2611 1021 2622 -
1036 2594 1072 2636 ct:

625 2673 667 2705 ma
684 2656 783 2705 anche..
793 2657 843 2705 Per
860 2657 969 2719 analogo
988 2657 1072 2708 valore

624 2727 779 2778 avversativo
808 2727 834 2774 di
862 2744 950 2791 neque,
979 2727 1023 2776 cfr.
1048 2729 1073 2778 la

624 2808 685 2847 nota
698 2798 723 2847 al
735 2815 757 2848 v.
778 2796 837 2861 658.
852 2824 883 2833 -
904 2800 1073 2849 obsecundare

624 2873 652 2919 in
676 2870 748 2918 loco:
772 2868 817 2919 csr.
836 2869 931 2917 Heaut.
958 2867 1008 2931 827
1032 2872 1071 2918 ob·

624 2942 761 2991 seeecndatc
790 2940 819 2987 in
844 2939 903 2997 loco,
932 2956 946 2989 e
969 2939 994 2988 la
1012 2947 1072 2990 nota

624 3012 649 3061 al
667 3028 689 3059 v.
710 3011 769 3060 216.
790 3010 893 3059 Donato
914 3010 989 3074 legge
1007 3011 1071 3074 (Cfr.

624 3085 692 3148 App.
705 3081 773 3145 crit.)
784 3082 930 3140 secundare,
945 3082 992 3131 cbe
1004 3083 1072 3147 spie-

623 3170 656 3218 ga
680 3169 729 3202 con
751 3173 762 3197 c
782 3152 823 3201 vel
846 3154 875 3201 in
901 3152 990 3201 melius
1014 3170 1071 3203 con·

624 3231 723 3274 vertere
740 3224 781 3273 vel
799 3224 900 3287 obsequi
920 3242 942 3273 ι.

659 3304 719 3359 995.
748 3298 879 3360 Ecce‘me
907 3311 931 3359 q.
959 3310 996 3344 s.:
1025 3296 1069 3347 cfr.

623 3368 706 3416 Plaut.
730 3367 791 3415 Mil.
815 3364 865 3428 663
896 3367 998 3430 Opusne
1023 3367 1074 3417 err't

624 3439 670 3487 tibi
685 3439 809 3486 aduocato
829 3439 906 3496 tristi,
924 3438 1071 3487 e'rctcuudoe¹

624 3526 676 3557 ecce
700 3524 745 3559 me.
770 3534 803 3543 -
825 3508 1008 3573 permittimus,
1027 3510 1071 3559 scl.

623 3581 717 3640 artenia,
732 3580 815 3629 valea
832 3580 886 3630 dire
905 3597 925 3629 o.
942 3586 986 3627 tuo
1003 3583 1071 3630 arbi-

623 3651 674 3700 trio
693 3650 827 3700 tradimus.

935 3785 965 3841 15
