2850 4259
524 293 693 336 ADELPHOE

1029 296 1091 355 ²0⁷

119 427 206 503 Syre,
224 430 322 484 cessas
337 420 379 481 ire
395 442 431 481 ac
445 421 562 482 fecere?
600 423 659 482 SY.
685 420 767 497 Quid
783 421 861 498 ego?
898 423 964 483 DE.
983 424 1091 482 Dirue.

123 515 174 573 Tu
196 512 262 572 illes
283 510 334 572 abi
356 522 388 571 et
409 511 544 570 nadnce.
590 511 654 571 GE.
679 509 720 570 Di
742 508 807 581 tibi,
833 511 957 580 Demea,

125 606 208 663 Bene
230 600 348 674 saciant,
375 619 468 677 quom
490 609 520 659 te
543 599 634 659 uideo
657 610 776 659 nostrae
799 597 930 659 familiae

120 693 202 751 Tam
225 710 264 750 ex
285 689 387 749 animo
409 690 520 748 factum
539 689 634 780 nelle.
662 716 670 735 κ
680 690 747 750 DE.
770 686 887 765 Dignos
909 687 1046 750 arbitror.

120 940 186 1003 logo
208 958 221 982 ι
241 938 303 1004 quel
315 935 394 986 Creso
415 956 438 985 ».
455 933 504 986 Cid
518 952 578 1001 pare

121 1027 179 1060 non
198 1010 236 1058 sia
254 1016 320 1058 stato
333 1023 467 1073 eompreso
485 1007 518 1056 da
537 1022 578 1056 co·

124 1083 190 1140 loro,
204 1081 251 1129 che
266 1081 318 1128 han
331 1080 437 1129 creduto
447 1079 473 1127 di
487 1079 579 1129 vedere

123 1154 154 1203 in
178 1151 277 1214 Babylo
300 1151 320 1198 il
342 1166 419 1199 nome
443 1151 486 1200 del
509 1165 580 1214 mag·

122 1223 262 1289 giordomo
281 1222 308 1269 di
321 1221 434 1270 Micione
453 1237 469 1269 0
488 1221 514 1268 di
527 1221 580 1270 De·

126 1311 186 1345 mea
204 1305 320 1355 stess0,e
339 1294 394 1356 che,
410 1292 580 1341 incontrando

124 1367 152 1416 la
176 1360 301 1413 difficolt&
325 1363 393 1412 della
413 1379 535 1428 presenza
554 1363 580 1412 di

121 1438 178 1493 ille,
199 1451 263 1484 sono
281 1435 340 1483 stati
359 1435 473 1483 costretti
491 1452 506 1483 a
524 1450 581 1483 mu·

127 1516 181 1557 tare
193 1507 237 1554 illc
250 1506 277 1554 in
295 1506 343 1563 illi,
358 1520 407 1554 con
423 1505 581 1555 riferimento

126 1579 160 1628 ad
179 1576 300 1627 Eschino.
317 1602 348 1612 —-
369 1578 466 1641 uiginti
481 1578 583 1625 minas:

127 1650 149 1700 si
169 1649 256 1697 dilude
275 1647 300 1695 al
319 1663 408 1713 prezzo
426 1648 495 1696 della
509 1647 583 1711 psal·

127 1721 183 1770 tria
192 1738 203 1774 ,·
222 1718 268 1769 cfr.
286 1719 294 1766 i
314 1736 354 1767 vv.
377 1731 434 1781 191,
449 1719 509 1781 369,
524 1729 583 1780 742.

127 1793 172 1839 Ma
197 1790 295 1839 ricorda
318 1790 365 1839 che
384 1806 437 1838 non
461 1791 516 1838 solo
535 1789 584 1837 Mi·

122 1863 204 1911 eione
225 1861 259 1909 ha
285 1860 328 1925 gie
356 1862 471 1911 sborsata
495 1867 585 1925 questa

126 1939 230 1982 s'omma
255 1930 312 1996 (cfr.
340 1932 359 1980 il
390 1949 413 1980 v.
443 1929 515 1995 369),
543 1947 586 1979 ma

127 2005 230 2053 Demea
261 2004 293 2052 ha
324 2004 404 2052 anche
436 2010 528 2067 sapato
558 2002 586 2051 di

128 2081 223 2140 questo
237 2082 393 2139 pagamento
402 2074 437 2136 (v.
451 2073 524 2135 406).
537 2074 586 2122 Per

127 2144 170 2195 eid
190 2146 348 2194 Dinumeret
365 2147 430 2195 deve
445 2161 528 2194 essere
547 2145 585 2193 in·

130 2226 187 2266 teso
208 2217 419 2280 semplicemente
438 2216 482 2264 nel
500 2216 586 2264 valore

129 2289 179 2337 che
199 2287 236 2351 gli
248 2288 337 2336 risulta
348 2287 391 2334 dal
405 2295 586 2351 contrapposto

126 2375 180 2408 con
199 2360 256 2422 Ego
275 2360 451 2422 lapidariam
471 2359 586 2422 gratiam

127 2430 292 2496 precedente,
313 2425 368 2478 cioe
393 2427 463 2478 cosi:
492 2449 504 2472 ι
532 2427 587 2478 Che

129 2501 307 2565 rn'importa?
339 2501 369 2550 Io
400 2515 450 2548 con
480 2500 504 2548 le
536 2500 587 2549 mie

131 2572 220 2636 grazie
240 2572 320 2620 riesco
339 2588 354 2619 a
378 2571 452 2619 farmi
473 2571 543 2634 degli
563 2587 587 2618 a·

128 2643 210 2701 miei;
232 2642 313 2691 sborsi
331 2642 369 2691 lui
388 2658 435 2706 per
453 2658 505 2705 ora,
525 2641 587 2706 quel

127 2715 279 2776 signorene,
295 2714 320 2761 le
339 2716 409 2762 venti
422 2713 492 2761 mine
515 2731 536 2760 ».
555 2713 588 2762 In

128 2785 192 2834 altri
206 2784 323 2834 termini:
343 2786 372 2832 Io
388 2799 441 2831 non
453 2784 476 2832 ci
489 2785 588 2848 spendo

127 2856 221 2905 niente
250 2871 295 2920 per
323 2856 397 2904 latmi
426 2855 497 2904 voler
521 2854 588 2904 bene

130 2945 147 2977 e
173 2926 301 2975 chiamare
329 2928 453 2990 garbato3
481 2925 533 2989 egli
561 2926 589 2974 in

126 3012 195 3046 vece
207 3013 253 3061 per
265 3013 310 3046 ora
324 2998 403 3062 perde
416 3003 506 3061 queste
518 2996 589 3046 venti

128 3068 205 3118 mine
218 3068 287 3117 della
302 3068 454 3126 suonatrice‚
474 3064 589 3132 [poiche

129 3141 159 3189 la
184 3155 230 3186 sua
255 3153 313 3190 casa
337 3136 435 3188 diverrlr
461 3154 519 3188 casa
547 3139 589 3188 del

128 3210 266 3277 pubblieo,
294 3210 326 3260 ed
353 3209 404 3273 egli
433 3210 459 3258 vi
487 3207 590 3275 porterd

129 3281 235 3330 esereiti
247 3281 275 3330 di
292 3287 378 3344 gente,
391 3279 472 3330 allora
484 3289 590 3345 sumptu

126 3354 234 3400 amittet
252 3352 349 3408 multa·
378 3351 424 3400 cfr.
450 3352 458 3399 i
477 3368 516 3402 vv.
527 3353 590 3401 ·che

130 3419 299 3489 precedono].
336 3424 398 3472 Non
432 3423 590 3488 comprenda

129 3489 228 3559 perche
248 3493 352 3559 proprio
371 3510 424 3542 una
442 3509 542 3543 somma
560 3510 590 3542 u·

130 3564 212 3629 guale
230 3581 246 3612 a
264 3564 351 3630 quella
370 3564 413 3614 del
431 3571 503 3614 eosto
522 3564 591 3614 della

130 3635 282 3685 suonatrice
295 3636 419 3685 vorrebbe
428 3636 474 3701 qui
483 3637 590 3695 Demea,

637 937 750 986 secondo
778 936 836 986 altri
864 934 921 1002 (cfr.
950 955 975 1003 p.
1004 954 1026 987 e.
1064 935 1092 986 lo

634 1007 760 1070 Sloman),
786 1007 840 1058 fare
864 1008 980 1058 sborsare
1003 1025 1019 1057 a
1037 1008 1089 1058 Mi·

634 1080 708 1129 cione
724 1095 770 1145 per
782 1080 807 1129 le
819 1095 894 1144 spese
906 1079 974 1129 delle
992 1082 1087 1130 nozze!
1132 1089 1134 1094 “

671 1150 731 1213 916.
752 1166 834 1198 cessas
852 1151 891 1199 ire
909 1167 940 1199 ac
950 1150 1092 1214 facere),-

634 1222 680 1272 clr.
705 1238 729 1270 v.
755 1234 816 1285 320.
842 1222 905 1270 Dev'
918 1238 1001 1272 essere
1023 1222 1092 1273 forse

635 1309 682 1358 per
694 1308 746 1341 una
758 1292 836 1341 svista
848 1309 875 1342 se
890 1293 933 1341 nel
946 1300 1012 1342 testo
1022 1293 1093 1343 dello

636 1364 764 1428 Stampini
790 1363 817 1410 la
842 1363 908 1413 frase
932 1359 1011 1429 equi
1030 1364 1095 1413 satta

636 1434 826 1498 interrogativa,
847 1434 1061 1484 contrariamente
1079 1451 1096 1484 a

637 1513 736 1571 quanto
757 1502 771 1553 ὲ
796 1506 866 1555 detto
885 1506 929 1554 nel
954 1522 1001 1554 suo
1023 1520 1094 1555 com·

639 1584 727 1627 mento
746 1577 771 1625 al
783 1593 807 1625 v.
827 1590 888 1639 320.
907 1577 939 1626 In
952 1576 1009 1626 fatti
1025 1577 1095 1626 nelle

638 1648 757 1707 edizioni,
780 1648 848 1697 nelle
875 1648 946 1713 quali
971 1649 990 1695 il
1014 1664 1096 1711 segno

638 1719 910 1782 dell’interrogazione
928 1714 942 1766 ὲ
958 1734 1096 1784 soppresso

639 1808 653 1838 a
674 1789 736 1855 quel
757 1806 837 1849 verso,
858 1787 872 1838 ὲ
897 1805 1033 1856 soppresso
1051 1806 1097 1838 an·

639 1863 686 1911 che
705 1862 733 1910 in
752 1869 844 1926 questo
863 1861 951 1924 luogo.
973 1888 1005 1896 —
1027 1861 1100 1922 Quid

640 1937 715 1998 ego),
738 1933 782 1981 sel.
803 1931 916 1995 faciam.
942 1959 975 1968 —
999 1933 1095 1990 Dirae,

640 2004 684 2052 sel.
704 2004 842 2052 maceriam
852 2022 864 2062 ,·
883 2002 928 2051 cfr.
948 2020 970 2051 v.
986 2001 1048 2063 908.
1062 2028 1097 2038 -

641 2075 697 2125 Siro
717 2075 813 2123 ritorna
838 2076 865 2123 in
892 2089 958 2134 casa,
978 2090 1024 2137 per
1042 2073 1097 2122 dire

640 2163 656 2195 a
672 2146 784 2195 Micione
803 2145 862 2194 dell'
870 2145 959 2194 ordine
973 2146 1096 2204 ricevuto,

641 2232 657 2264 ο
677 2217 745 2266 forse
758 2216 839 2266 anche
852 2233 898 2282 per
912 2217 1024 2265 mettensi
1037 2231 1096 2265 sen·

641 2290 660 2334 z'
672 2289 737 2336 altro
756 2288 884 2352 all'opera
900 2285 957 2351 (cfr.
977 2304 1001 2334 v.
1021 2285 1095 2349 924).

677 2370 738 2421 917.
753 2360 778 2407 T
779 2376 796 2405 u
809 2360 869 2407 illas
881 2360 924 2406 abi
942 2366 967 2406 et
979 2360 1095 2416 traduce,

642 2425 697 2479 cioe
718 2431 743 2478 T
744 2447 761 2477 u
780 2426 806 2495 (ὲ
825 2431 896 2478 detto
920 2447 935 2477 a
959 2429 1037 2492 Geta)
1055 2429 1101 2477 abi

642 2508 668 2550 et
692 2502 753 2549 illas
779 2502 904 2550 traduce:
933 2516 968 2548 un
993 2515 1052 2548 caso
1071 2499 1099 2548 di

642 2573 800 2635 hyperbaton
825 2588 840 2620 0
866 2568 999 2634 σύγχυσις,
1023 2586 1098 2619 come

643 2659 668 2707 p.
688 2658 724 2690 es.
743 2642 769 2690 in
789 2643 872 2691 Plaut.
894 2644 955 2692 Aul.
980 2654 1032 2703 270
1050 2657 1098 2689 ua·

643 2714 716 2762 scula
729 2713 801 2761 intus
812 2723 879 2777 pura
893 2722 1008 2776 propera
1021 2720 1102 2775 atque
1169 2731 1172 2740 ’

644 2785 699 2833 elue
717 2800 764 2848 per
778 2792 893 2847 propera
906 2800 936 2830 ac
949 2802 974 2832 u.
995 2784 1013 2831 i.
1029 2791 1101 2847 pure

644 2855 706 2903 elue.
728 2856 775 2902 Per
788 2856 895 2903 traduce
909 2854 954 2902 cfr.
971 2856 990 2903 il
1004 2871 1027 2903 v.
1040 2866 1101 2915 910,

639 2921 659 2975 'e
677 2925 702 2974 le
722 2933 783 2974 note
802 2925 826 2973 ai
845 2941 883 2975 vv.
904 2938 953 2984 241
975 2942 990 2974 e
1008 2924 1071 2986 482.

681 2995 743 3055 918.
766 3012 868 3060 quam...
894 2997 986 3044 uideo:
1011 2996 1057 3045 cfr.
1082 2994 1102 3043 il

644 3085 667 3117 v.
695 3067 755 3130 897,
776 3083 790 3115 e
813 3067 839 3116 le
862 3076 923 3117 note
946 3067 972 3115 ai
994 3083 1034 3115 vv.
1068 3064 1101 3115 18

644 3156 659 3188 e
682 3152 739 3202 139.

681 3209 807 3271 918·919.
827 3216 875 3258 te...
895 3216 999 3258 nostrae
1013 3208 1101 3271 fami·

646 3282 694 3330 liae
727 3282 794 3329 Tam
822 3296 854 3328 ex
884 3281 971 3328 anima
993 3280 1104 3344 factum

646 3352 720 3400 uelle.
739 3359 844 3400 nostrae
863 3350 989 3414 familiae
1012 3346 1027 3398 ὲ
1048 3351 1101 3398 dat.

645 3422 803 3487 dipendente
831 3421 864 3469 da
882 3422 991 3485 factum
1015 3420 1104 3477 uelle,·

646 3510 679 3542 ex
696 3494 784 3541 anima
803 3493 915 3557 dipende
936 3494 968 3541 da
984 3493 1103 3556 sactum,

647 3579 734 3613 enon
757 3564 779 3611 si
799 3563 911 3612 rilerisce
936 3565 962 3613 al
986 3570 1106 3627 soggetto

646 3632 739 3700 te(csr.
752 3635 771 3684 il
783 3651 806 3684 v.
821 3644 863 3697 72,
876 3635 940 3686 dove
954 3651 1003 3684 con
1016 3652 1048 3684 cx
1060 3651 1106 3685 an.
