<?xml version="1.0" encoding="UTF-8"?>
<!DOCTYPE html PUBLIC "-//W3C//DTD XHTML 1.0 Transitional//EN"
    "http://www.w3.org/TR/xhtml1/DTD/xhtml1-transitional.dtd">
<html xmlns="http://www.w3.org/1999/xhtml" xml:lang="en" lang="en">
 <head>
  <title>
</title>
<meta http-equiv="Content-Type" content="text/html;charset=utf-8" />
  <meta name='ocr-system' content='tesseract 3.04.00' />
  <meta name='ocr-capabilities' content='ocr_page ocr_carea ocr_par ocr_line ocrx_word'/>
</head>
<body>
  <div class='ocr_page' id='page_1' title='image "./pterentiafriade00cupagoog/pterentiafriade00cupagoog_0296.png"; bbox 0 0 2850 4259; ppageno 0'>
   <div class='ocr_carea' id='block_1_1' title="bbox 494 287 661 330">
    <p class='ocr_par' dir='ltr' id='par_1_1' title="bbox 494 287 661 330">
     <span class='ocr_line' id='line_1_1' title="bbox 494 287 661 330; baseline 0.006 -3"><span class='ocrx_word' id='word_1_1' title='bbox 494 287 661 330; x_wconf 79' lang='lat' dir='ltr'>ADELPHOE</span> 
     </span>
    </p>
   </div>
   <div class='ocr_carea' id='block_1_2' title="bbox 1007 291 1077 351">
    <p class='ocr_par' dir='ltr' id='par_1_2' title="bbox 1007 291 1077 351">
     <span class='ocr_line' id='line_1_2' title="bbox 1007 291 1077 351; baseline 0 0"><span class='ocrx_word' id='word_1_2' title='bbox 1007 291 1077 351; x_wconf 58' lang='lat'>155⁴</span> 
     </span>
    </p>
   </div>
   <div class='ocr_carea' id='block_1_3' title="bbox 111 411 1078 488">
    <p class='ocr_par' dir='ltr' id='par_1_3' title="bbox 111 411 1078 488">
     <span class='ocr_line' id='line_1_3' title="bbox 111 411 1078 488; baseline 0.007 -18"><span class='ocrx_word' id='word_1_3' title='bbox 111 412 178 487; x_wconf 86' lang='lat' dir='ltr'>Quo</span> <span class='ocrx_word' id='word_1_4' title='bbox 194 414 282 472; x_wconf 87' lang='lat' dir='ltr'>non?</span> <span class='ocrx_word' id='word_1_5' title='bbox 316 431 415 488; x_wconf 85' lang='lat' dir='ltr'>neque</span> <span class='ocrx_word' id='word_1_6' title='bbox 429 411 473 472; x_wconf 83' lang='lat' dir='ltr'>illi</span> <span class='ocrx_word' id='word_1_7' title='bbox 488 413 599 474; x_wconf 65' lang='lat' dir='ltr'>fabrica</span> <span class='ocrx_word' id='word_1_8' title='bbox 613 416 675 474; x_wconf 89' lang='lat' dir='ltr'>ulla</span> <span class='ocrx_word' id='word_1_9' title='bbox 689 420 753 475; x_wconf 52' lang='lat' dir='ltr'>etot</span> <span class='ocrx_word' id='word_1_10' title='bbox 768 434 825 477; x_wconf 85' lang='lat' dir='ltr'>nec</span> <span class='ocrx_word' id='word_1_11' title='bbox 841 418 959 477; x_wconf 61' lang='lat' dir='ltr'>fratrem</span> <span class='ocrx_word' id='word_1_12' title='bbox 975 418 1078 477; x_wconf 57' lang='lat' dir='ltr'>homo&gt;</span> 
     </span>
    </p>
   </div>
   <div class='ocr_carea' id='block_1_4' title="bbox 110 499 575 579">
    <p class='ocr_par' dir='ltr' id='par_1_4' title="bbox 110 499 575 579">
     <span class='ocr_line' id='line_1_4' title="bbox 110 499 575 579; baseline 0.006 -19"><span class='ocrx_word' id='word_1_13' title='bbox 110 499 227 561; x_wconf 82' lang='lat' dir='ltr'>Vidtsse</span> <span class='ocrx_word' id='word_1_14' title='bbox 251 520 283 560; x_wconf 91' lang='lat' dir='ltr'>se</span> <span class='ocrx_word' id='word_1_15' title='bbox 306 499 386 562; x_wconf 83' lang='lat' dir='ltr'>aibat</span> <span class='ocrx_word' id='word_1_16' title='bbox 410 507 575 579; x_wconf 70' lang='lat' dir='ltr'><strong>quisquam.</strong></span> 
     </span>
    </p>
   </div>
   <div class='ocr_carea' id='block_1_5' title="bbox 622 504 906 569">
    <p class='ocr_par' dir='ltr' id='par_1_5' title="bbox 622 504 906 569">
     <span class='ocr_line' id='line_1_5' title="bbox 622 504 906 569; baseline 0.004 -6"><span class='ocrx_word' id='word_1_17' title='bbox 622 522 704 564; x_wconf 89' lang='lat' dir='ltr'>nune</span> <span class='ocrx_word' id='word_1_18' title='bbox 727 513 800 569; x_wconf 74' lang='lat' dir='ltr'>uero.</span> <span class='ocrx_word' id='word_1_19' title='bbox 822 504 906 565; x_wconf 90' lang='lat' dir='ltr'>domi</span> 
     </span>
    </p>
   </div>
   <div class='ocr_carea' id='block_1_6' title="bbox 111 587 864 668">
    <p class='ocr_par' dir='ltr' id='par_1_6' title="bbox 111 587 864 668">
     <span class='ocr_line' id='line_1_6' title="bbox 111 587 864 668; baseline 0.005 -17"><span class='ocrx_word' id='word_1_20' title='bbox 111 590 232 651; x_wconf 83' lang='lat' dir='ltr'>Certum</span> <span class='ocrx_word' id='word_1_21' title='bbox 256 587 395 650; x_wconf 88' lang='lat' dir='ltr'>obsidere</span> <span class='ocrx_word' id='word_1_22' title='bbox 417 602 464 651; x_wconf 89' lang='lat' dir='ltr'>est</span> <span class='ocrx_word' id='word_1_23' title='bbox 486 596 590 668; x_wconf 77' lang='lat' dir='ltr'>risque,</span> <span class='ocrx_word' id='word_1_24' title='bbox 614 592 714 654; x_wconf 89' lang='lat' dir='ltr'>donec</span> <span class='ocrx_word' id='word_1_25' title='bbox 735 592 864 656; x_wconf 64' lang='lat' dir='ltr'>redierit.</span> 
     </span>
    </p>
   </div>
   <div class='ocr_carea' id='block_1_7' title="bbox 868 660 933 742">
    <p class='ocr_par' dir='ltr' id='par_1_7' title="bbox 868 660 933 742">
     <span class='ocr_line' id='line_1_7' title="bbox 868 660 933 742; baseline 0 -54"><span class='ocrx_word' id='word_1_26' title='bbox 868 660 933 742; x_wconf 40' lang='lat' dir='ltr'>o*</span> 
     </span>
    </p>
   </div>
   <div class='ocr_carea' id='block_1_8' title="bbox 545 907 636 964">
    <p class='ocr_par' dir='ltr' id='par_1_8' title="bbox 545 907 636 964">
     <span class='ocr_line' id='line_1_8' title="bbox 545 907 636 964; baseline -0.022 0"><span class='ocrx_word' id='word_1_27' title='bbox 545 907 599 964; x_wconf 77' lang='lat' dir='ltr'>SC.</span> <span class='ocrx_word' id='word_1_28' title='bbox 621 907 636 962; x_wconf 75' lang='lat' dir='ltr'>t</span> 
     </span>
    </p>
   </div>
   <div class='ocr_carea' id='block_1_9' title="bbox 370 1098 530 1259">
    <p class='ocr_par' dir='ltr' id='par_1_9' title="bbox 370 1098 530 1259">
     <span class='ocr_line' id='line_1_9' title="bbox 370 1098 530 1154; baseline 0 0"><span class='ocrx_word' id='word_1_29' title='bbox 370 1098 530 1154; x_wconf 75' lang='lat' dir='ltr'>M1c10</span> 
     </span>
     <span class='ocr_line' id='line_1_10' title="bbox 396 1208 505 1259; baseline 0 0"><span class='ocrx_word' id='word_1_30' title='bbox 396 1208 505 1259; x_wconf 82' lang='lat' dir='ltr'>SENES</span> 
     </span>
    </p>
   </div>
   <div class='ocr_carea' id='block_1_10' title="bbox 620 1100 812 1262">
    <p class='ocr_par' dir='ltr' id='par_1_10' title="bbox 620 1100 812 1262">
     <span class='ocr_line' id='line_1_11' title="bbox 620 1100 812 1158; baseline 0.01 -2"><span class='ocrx_word' id='word_1_31' title='bbox 620 1100 812 1158; x_wconf 70' lang='lat' dir='ltr'>DEMEA</span> 
     </span>
     <span class='ocr_line' id='line_1_12' title="bbox 705 1212 732 1262; baseline 0 0"><span class='ocrx_word' id='word_1_32' title='bbox 705 1212 732 1262; x_wconf 93' lang='lat'>11</span> 
     </span>
    </p>
   </div>
   <div class='ocr_carea' id='block_1_11' title="bbox 107 1403 998 1480">
    <p class='ocr_par' dir='ltr' id='par_1_11' title="bbox 107 1403 998 1480">
     <span class='ocr_line' id='line_1_13' title="bbox 107 1403 998 1480; baseline 0.004 -15"><span class='ocrx_word' id='word_1_33' title='bbox 107 1408 165 1466; x_wconf 87' lang='grc' dir='ltr'>ΜΙ.</span> <span class='ocrx_word' id='word_1_34' title='bbox 188 1407 256 1480; x_wconf 80' lang='lat' dir='ltr'><strong>Ibe,</strong></span> <span class='ocrx_word' id='word_1_35' title='bbox 281 1403 339 1465; x_wconf 86' lang='lat' dir='ltr'>sslis</span> <span class='ocrx_word' id='word_1_36' title='bbox 361 1404 460 1467; x_wconf 85' lang='lat' dir='ltr'><strong>dicam</strong></span> <span class='ocrx_word' id='word_1_37' title='bbox 482 1408 595 1467; x_wconf 80' lang='lat' dir='ltr'><strong>millam</strong></span> <span class='ocrx_word' id='word_1_38' title='bbox 619 1425 684 1468; x_wconf 86' lang='lat' dir='ltr'>esse</span> <span class='ocrx_word' id='word_1_39' title='bbox 707 1406 739 1467; x_wconf 92' lang='lat' dir='ltr'>in</span> <span class='ocrx_word' id='word_1_40' title='bbox 763 1409 852 1468; x_wconf 75' lang='lat' dir='ltr'>nobis</span> <span class='ocrx_word' id='word_1_41' title='bbox 874 1427 998 1469; x_wconf 83' lang='lat' dir='ltr'>moram.</span> 
     </span>
    </p>
   </div>
   <div class='ocr_carea' id='block_1_12' title="bbox 106 1632 577 1699">
    <p class='ocr_par' dir='ltr' id='par_1_12' title="bbox 106 1632 577 1699">
     <span class='ocr_line' id='line_1_14' title="bbox 106 1632 577 1699; baseline 0.006 -18"><span class='ocrx_word' id='word_1_42' title='bbox 106 1632 148 1683; x_wconf 84' lang='lat' dir='ltr'>del</span> <span class='ocrx_word' id='word_1_43' title='bbox 155 1649 252 1699; x_wconf 85' lang='lat' dir='ltr'>povero</span> <span class='ocrx_word' id='word_1_44' title='bbox 262 1635 380 1698; x_wconf 79' lang='lat' dir='ltr'>vecchi03</span> <span class='ocrx_word' id='word_1_45' title='bbox 391 1636 436 1688; x_wconf 84' lang='lat' dir='ltr'>cfr.</span> <span class='ocrx_word' id='word_1_46' title='bbox 446 1635 561 1686; x_wconf 86' lang='lat' dir='ltr'>Donato:</span> <span class='ocrx_word' id='word_1_47' title='bbox 574 1692 577 1696; x_wconf 44' lang='grc'><strong>,</strong></span> 
     </span>
    </p>
   </div>
   <div class='ocr_carea' id='block_1_13' title="bbox 97 1705 566 2617">
    <p class='ocr_par' dir='ltr' id='par_1_13' title="bbox 101 1705 566 2336">
     <span class='ocr_line' id='line_1_15' title="bbox 107 1705 564 1772; baseline 0.015 -24"><span class='ocrx_word' id='word_1_48' title='bbox 107 1724 120 1748; x_wconf 78' lang='grc' dir='ltr'>ι</span> <span class='ocrx_word' id='word_1_49' title='bbox 134 1705 238 1754; x_wconf 88' lang='lat' dir='ltr'>Tardus</span> <span class='ocrx_word' id='word_1_50' title='bbox 250 1706 391 1756; x_wconf 79' lang='lat' dir='ltr'><strong>incessus...</strong></span> <span class='ocrx_word' id='word_1_51' title='bbox 402 1708 564 1772; x_wconf 80' lang='lat' dir='ltr'>perreptatio</span> 
     </span>
     <span class='ocr_line' id='line_1_16' title="bbox 105 1775 559 1840; baseline 0.004 -16"><span class='ocrx_word' id='word_1_52' title='bbox 105 1775 235 1836; x_wconf 64' lang='lat' dir='ltr'>dicituri,</span> <span class='ocrx_word' id='word_1_53' title='bbox 255 1793 269 1826; x_wconf 83' lang='lat' dir='ltr'>e</span> <span class='ocrx_word' id='word_1_54' title='bbox 288 1777 370 1827; x_wconf 86' lang='lat' dir='ltr'>Plaut.</span> <span class='ocrx_word' id='word_1_55' title='bbox 384 1778 477 1840; x_wconf 80' lang='lat' dir='ltr'><em>Amph.</em></span> <span class='ocrx_word' id='word_1_56' title='bbox 496 1790 559 1827; x_wconf 82' lang='lat'>1011</span> 
     </span>
     <span class='ocr_line' id='line_1_17' title="bbox 104 1847 564 1913; baseline 0.007 -19"><span class='ocrx_word' id='word_1_57' title='bbox 104 1847 190 1895; x_wconf 83' lang='lat' dir='ltr'><em>onmis</em></span> <span class='ocrx_word' id='word_1_58' title='bbox 215 1848 318 1910; x_wconf 83' lang='lat' dir='ltr'><em>plateas</em></span> <span class='ocrx_word' id='word_1_59' title='bbox 343 1850 504 1913; x_wconf 80' lang='lat' dir='ltr'>perreptaui.</span> <span class='ocrx_word' id='word_1_60' title='bbox 530 1874 564 1885; x_wconf 93' lang='lat'>-</span> 
     </span>
     <span class='ocr_line' id='line_1_18' title="bbox 105 1918 566 1982; baseline 0.009 -17"><span class='ocrx_word' id='word_1_61' title='bbox 105 1933 189 1981; x_wconf 80' lang='lat' dir='ltr'><em>usque</em></span> <span class='ocrx_word' id='word_1_62' title='bbox 217 1919 348 1982; x_wconf 82' lang='lat' dir='ltr'>aggiunge</span> <span class='ocrx_word' id='word_1_63' title='bbox 375 1934 469 1968; x_wconf 85' lang='lat' dir='ltr'>ancora</span> <span class='ocrx_word' id='word_1_64' title='bbox 495 1918 566 1969; x_wconf 82' lang='lat' dir='ltr'>forza</span> 
     </span>
     <span class='ocr_line' id='line_1_19' title="bbox 104 1988 563 2039; baseline 0.007 -3"><span class='ocrx_word' id='word_1_65' title='bbox 104 1988 129 2036; x_wconf 89' lang='lat' dir='ltr'>al</span> <span class='ocrx_word' id='word_1_66' title='bbox 142 1996 264 2038; x_wconf 85' lang='lat' dir='ltr'>concetto</span> <span class='ocrx_word' id='word_1_67' title='bbox 282 1989 309 2038; x_wconf 89' lang='lat' dir='ltr'>di</span> <span class='ocrx_word' id='word_1_68' title='bbox 328 2005 416 2038; x_wconf 82' lang='lat' dir='ltr'><em>omne:</em></span> <span class='ocrx_word' id='word_1_69' title='bbox 437 2010 448 2032; x_wconf 77' lang='grc' dir='ltr'>ι</span> <span class='ocrx_word' id='word_1_70' title='bbox 465 1990 490 2039; x_wconf 83' lang='lat' dir='ltr'>la</span> <span class='ocrx_word' id='word_1_71' title='bbox 502 1988 563 2039; x_wconf 60' lang='lat' dir='ltr'>citt&amp;</span> 
     </span>
     <span class='ocr_line' id='line_1_20' title="bbox 104 2059 560 2126; baseline 0.011 -19"><span class='ocrx_word' id='word_1_72' title='bbox 104 2065 171 2108; x_wconf 81' lang='lat' dir='ltr'>tutta</span> <span class='ocrx_word' id='word_1_73' title='bbox 191 2067 294 2124; x_wconf 84' lang='lat' dir='ltr'>quanta,</span> <span class='ocrx_word' id='word_1_74' title='bbox 314 2059 459 2124; x_wconf 76' lang='lat' dir='ltr'>perlongo</span> <span class='ocrx_word' id='word_1_75' title='bbox 478 2077 492 2112; x_wconf 84' lang='lat' dir='ltr'>e</span> <span class='ocrx_word' id='word_1_76' title='bbox 515 2077 560 2126; x_wconf 86' lang='lat' dir='ltr'>per</span> 
     </span>
     <span class='ocr_line' id='line_1_21' title="bbox 102 2129 559 2194; baseline 0.011 -16"><span class='ocrx_word' id='word_1_77' title='bbox 102 2129 177 2194; x_wconf 79' lang='lat' dir='ltr'>largo</span> <span class='ocrx_word' id='word_1_78' title='bbox 199 2148 225 2190; x_wconf 80' lang='lat'>»;</span> <span class='ocrx_word' id='word_1_79' title='bbox 245 2131 291 2180; x_wconf 84' lang='lat' dir='ltr'>cfr.</span> <span class='ocrx_word' id='word_1_80' title='bbox 310 2130 336 2180; x_wconf 85' lang='lat' dir='ltr'>la</span> <span class='ocrx_word' id='word_1_81' title='bbox 348 2138 410 2180; x_wconf 84' lang='lat' dir='ltr'>nota</span> <span class='ocrx_word' id='word_1_82' title='bbox 425 2131 450 2179; x_wconf 82' lang='lat' dir='ltr'>al</span> <span class='ocrx_word' id='word_1_83' title='bbox 462 2148 485 2183; x_wconf 83' lang='lat' dir='ltr'>v.</span> <span class='ocrx_word' id='word_1_84' title='bbox 500 2145 559 2194; x_wconf 71' lang='lat'>213,</span> 
     </span>
     <span class='ocr_line' id='line_1_22' title="bbox 101 2203 560 2265; baseline 0.011 -17"><span class='ocrx_word' id='word_1_85' title='bbox 101 2226 135 2237; x_wconf 91' lang='lat'>-</span> <span class='ocrx_word' id='word_1_86' title='bbox 157 2208 317 2265; x_wconf 82' lang='lat' dir='ltr'>portam...</span> <span class='ocrx_word' id='word_1_87' title='bbox 343 2203 447 2251; x_wconf 85' lang='lat' dir='ltr'><em>lacum:</em></span> <span class='ocrx_word' id='word_1_88' title='bbox 469 2203 514 2254; x_wconf 88' lang='lat' dir='ltr'>cfr.</span> <span class='ocrx_word' id='word_1_89' title='bbox 540 2204 560 2253; x_wconf 90' lang='lat' dir='ltr'>il</span> 
     </span>
     <span class='ocr_line' id='line_1_23' title="bbox 101 2270 208 2336; baseline 0.009 -17"><span class='ocrx_word' id='word_1_90' title='bbox 101 2288 124 2322; x_wconf 87' lang='lat' dir='ltr'>v.</span> <span class='ocrx_word' id='word_1_91' title='bbox 145 2270 208 2336; x_wconf 84' lang='lat'>583.</span> 
     </span>
    </p>

    <p class='ocr_par' dir='ltr' id='par_1_14' title="bbox 97 2342 560 2617">
     <span class='ocr_line' id='line_1_24' title="bbox 137 2342 559 2407; baseline 0.002 -15"><span class='ocrx_word' id='word_1_92' title='bbox 137 2342 202 2405; x_wconf 84' lang='lat'>716.</span> <span class='ocrx_word' id='word_1_93' title='bbox 225 2344 280 2403; x_wconf 82' lang='lat' dir='ltr'>Quo</span> <span class='ocrx_word' id='word_1_94' title='bbox 301 2348 382 2402; x_wconf 68' lang='lat' dir='ltr'>non),</span> <span class='ocrx_word' id='word_1_95' title='bbox 403 2343 448 2394; x_wconf 90' lang='lat' dir='ltr'><strong>scl.</strong></span> <span class='ocrx_word' id='word_1_96' title='bbox 468 2350 559 2407; x_wconf 83' lang='lat' dir='ltr'>perre-</span> 
     </span>
     <span class='ocr_line' id='line_1_25' title="bbox 97 2413 560 2478; baseline 0.002 -15"><span class='ocrx_word' id='word_1_97' title='bbox 97 2413 193 2478; x_wconf 84' lang='lat' dir='ltr'><em>ptaui:</em></span> <span class='ocrx_word' id='word_1_98' title='bbox 208 2434 219 2458; x_wconf 76' lang='grc' dir='ltr'>ι</span> <span class='ocrx_word' id='word_1_99' title='bbox 232 2414 306 2463; x_wconf 85' lang='lat' dir='ltr'>Dove</span> <span class='ocrx_word' id='word_1_100' title='bbox 315 2414 416 2463; x_wconf 83' lang='lat' dir='ltr'>diavolo</span> <span class='ocrx_word' id='word_1_101' title='bbox 430 2430 482 2463; x_wconf 89' lang='lat' dir='ltr'>non</span> <span class='ocrx_word' id='word_1_102' title='bbox 494 2430 560 2464; x_wconf 89' lang='lat' dir='ltr'>sono</span> 
     </span>
     <span class='ocr_line' id='line_1_26' title="bbox 100 2485 559 2536; baseline 0.004 -3"><span class='ocrx_word' id='word_1_103' title='bbox 100 2486 185 2534; x_wconf 72' lang='lat' dir='ltr'>stato!</span> <span class='ocrx_word' id='word_1_104' title='bbox 200 2504 223 2532; x_wconf 75' lang='grc' dir='ltr'>ι.</span> <span class='ocrx_word' id='word_1_105' title='bbox 245 2512 273 2518; x_wconf 89' lang='grc'>-</span> <span class='ocrx_word' id='word_1_106' title='bbox 289 2485 331 2534; x_wconf 78' lang='lat' dir='ltr'><em>illi</em></span> <span class='ocrx_word' id='word_1_107' title='bbox 338 2502 348 2534; x_wconf 75' lang='lat' dir='ltr'>t</span> <span class='ocrx_word' id='word_1_108' title='bbox 366 2486 411 2536; x_wconf 75' lang='lat' dir='ltr'>cfr.</span> <span class='ocrx_word' id='word_1_109' title='bbox 424 2486 443 2534; x_wconf 93' lang='lat' dir='ltr'>il</span> <span class='ocrx_word' id='word_1_110' title='bbox 461 2502 485 2536; x_wconf 83' lang='lat' dir='ltr'>v.</span> <span class='ocrx_word' id='word_1_111' title='bbox 502 2488 559 2536; x_wconf 87' lang='lat'>116.</span> 
     </span>
     <span class='ocr_line' id='line_1_27' title="bbox 99 2555 560 2617; baseline 0 -12"><span class='ocrx_word' id='word_1_112' title='bbox 99 2580 133 2590; x_wconf 89' lang='lat'><em>-</em></span> <span class='ocrx_word' id='word_1_113' title='bbox 153 2563 221 2612; x_wconf 81' lang='lat' dir='ltr'>crat,</span> <span class='ocrx_word' id='word_1_114' title='bbox 247 2555 297 2605; x_wconf 87' lang='lat' dir='ltr'>due</span> <span class='ocrx_word' id='word_1_115' title='bbox 321 2557 400 2617; x_wconf 81' lang='lat' dir='ltr'>brevi,</span> <span class='ocrx_word' id='word_1_116' title='bbox 427 2573 440 2606; x_wconf 90' lang='lat' dir='ltr'>e</span> <span class='ocrx_word' id='word_1_117' title='bbox 463 2572 512 2605; x_wconf 88' lang='lat' dir='ltr'>con</span> <span class='ocrx_word' id='word_1_118' title='bbox 534 2557 560 2606; x_wconf 80' lang='lat' dir='ltr'>la</span> 
     </span>
    </p>
   </div>
   <div class='ocr_carea' id='block_1_14' title="bbox 613 1633 1080 2608">
    <p class='ocr_par' dir='ltr' id='par_1_15' title="bbox 613 1633 1080 2608">
     <span class='ocr_line' id='line_1_28' title="bbox 616 1633 1074 1692; baseline -0.002 -7"><span class='ocrx_word' id='word_1_119' title='bbox 616 1642 696 1685; x_wconf 76' lang='lat' dir='ltr'>stesso</span> <span class='ocrx_word' id='word_1_120' title='bbox 714 1634 799 1685; x_wconf 78' lang='lat' dir='ltr'>radice</span> <span class='ocrx_word' id='word_1_121' title='bbox 819 1633 881 1683; x_wconf 82' lang='lat' dir='ltr'>skar</span> <span class='ocrx_word' id='word_1_122' title='bbox 900 1635 927 1683; x_wconf 91' lang='lat' dir='ltr'>di</span> <span class='ocrx_word' id='word_1_123' title='bbox 949 1651 1074 1692; x_wconf 73' lang='lat' dir='ltr'>cernere:</span> 
     </span>
     <span class='ocr_line' id='line_1_29' title="bbox 616 1706 1080 1764; baseline 0.002 -10"><span class='ocrx_word' id='word_1_124' title='bbox 616 1707 641 1756; x_wconf 87' lang='lat' dir='ltr'>le</span> <span class='ocrx_word' id='word_1_125' title='bbox 665 1706 748 1755; x_wconf 81' lang='lat' dir='ltr'>forme</span> <span class='ocrx_word' id='word_1_126' title='bbox 772 1707 848 1764; x_wconf 79' lang='lat' dir='ltr'>crevi,</span> <span class='ocrx_word' id='word_1_127' title='bbox 881 1713 977 1754; x_wconf 82' lang='lat' dir='ltr'>cretum</span> <span class='ocrx_word' id='word_1_128' title='bbox 1005 1720 1080 1756; x_wconf 64' lang='lat' dir='ltr'>sono&lt;</span> 
     </span>
     <span class='ocr_line' id='line_1_30' title="bbox 616 1776 1071 1826; baseline 0 0"><span class='ocrx_word' id='word_1_129' title='bbox 616 1777 685 1826; x_wconf 79' lang='lat' dir='ltr'>dalla</span> <span class='ocrx_word' id='word_1_130' title='bbox 712 1776 765 1826; x_wconf 88' lang='lat' dir='ltr'>rad.</span> <span class='ocrx_word' id='word_1_131' title='bbox 787 1792 836 1825; x_wconf 87' lang='lat' dir='ltr'>con</span> <span class='ocrx_word' id='word_1_132' title='bbox 864 1776 989 1826; x_wconf 86' lang='lat' dir='ltr'>metatesi.</span> <span class='ocrx_word' id='word_1_133' title='bbox 1015 1776 1071 1826; x_wconf 84' lang='lat' dir='ltr'>Cfr.</span> 
     </span>
     <span class='ocr_line' id='line_1_31' title="bbox 619 1843 1069 1914; baseline -0.004 -16"><span class='ocrx_word' id='word_1_134' title='bbox 619 1864 664 1914; x_wconf 90' lang='lat' dir='ltr'>per</span> <span class='ocrx_word' id='word_1_135' title='bbox 683 1843 728 1913; x_wconf 63' lang='lat' dir='ltr'>pitr</span> <span class='ocrx_word' id='word_1_136' title='bbox 740 1848 820 1912; x_wconf 82' lang='lat' dir='ltr'><strong>ampii</strong></span> <span class='ocrx_word' id='word_1_137' title='bbox 834 1847 978 1912; x_wconf 82' lang='lat' dir='ltr'>particolari</span> <span class='ocrx_word' id='word_1_138' title='bbox 993 1845 1069 1897; x_wconf 76' lang='lat' dir='ltr'>Bre&#39;al</span> 
     </span>
     <span class='ocr_line' id='line_1_32' title="bbox 619 1915 1069 1981; baseline -0.007 -12"><span class='ocrx_word' id='word_1_139' title='bbox 619 1927 645 1970; x_wconf 85' lang='lat' dir='ltr'>et</span> <span class='ocrx_word' id='word_1_140' title='bbox 666 1918 758 1981; x_wconf 86' lang='lat' dir='ltr'>Bailly,</span> <span class='ocrx_word' id='word_1_141' title='bbox 772 1919 904 1967; x_wconf 81' lang='lat' dir='ltr'>Dictionn.</span> <span class='ocrx_word' id='word_1_142' title='bbox 919 1915 1016 1981; x_wconf 80' lang='lat' dir='ltr'>c&#39;tymol.</span> <span class='ocrx_word' id='word_1_143' title='bbox 1031 1919 1069 1966; x_wconf 83' lang='lat' dir='ltr'>la·</span> 
     </span>
     <span class='ocr_line' id='line_1_33' title="bbox 617 1989 1079 2055; baseline -0.009 -15"><span class='ocrx_word' id='word_1_144' title='bbox 617 1992 665 2050; x_wconf 82' lang='lat' dir='ltr'>tin,</span> <span class='ocrx_word' id='word_1_145' title='bbox 685 2007 710 2055; x_wconf 87' lang='lat' dir='ltr'>p.</span> <span class='ocrx_word' id='word_1_146' title='bbox 730 2002 773 2051; x_wconf 81' lang='lat'>41,</span> <span class='ocrx_word' id='word_1_147' title='bbox 793 2005 812 2039; x_wconf 89' lang='lat' dir='ltr'>s.</span> <span class='ocrx_word' id='word_1_148' title='bbox 832 2005 855 2038; x_wconf 85' lang='lat' dir='ltr'>v.</span> <span class='ocrx_word' id='word_1_149' title='bbox 875 2005 958 2037; x_wconf 84' lang='lat' dir='ltr'>cerno.</span> <span class='ocrx_word' id='word_1_150' title='bbox 980 2015 1013 2024; x_wconf 96' lang='lat'>-</span> <span class='ocrx_word' id='word_1_151' title='bbox 1027 1989 1079 2037; x_wconf 81' lang='lat' dir='ltr'>ob·-</span> 
     </span>
     <span class='ocr_line' id='line_1_34' title="bbox 616 2059 1072 2124; baseline -0.002 -15"><span class='ocrx_word' id='word_1_152' title='bbox 616 2062 706 2119; x_wconf 73' lang='lat' dir='ltr'>st&#39;dcre,</span> <span class='ocrx_word' id='word_1_153' title='bbox 724 2060 797 2109; x_wconf 75' lang='lat' dir='ltr'>‹sare</span> <span class='ocrx_word' id='word_1_154' title='bbox 810 2060 835 2109; x_wconf 87' lang='lat' dir='ltr'>la</span> <span class='ocrx_word' id='word_1_155' title='bbox 845 2059 981 2109; x_wconf 86' lang='lat' dir='ltr'>sentinella</span> <span class='ocrx_word' id='word_1_156' title='bbox 991 2059 1036 2124; x_wconf 86' lang='lat' dir='ltr'>qui</span> <span class='ocrx_word' id='word_1_157' title='bbox 1047 2077 1072 2120; x_wconf 74' lang='grc' dir='ltr'>ι,</span> 
     </span>
     <span class='ocr_line' id='line_1_35' title="bbox 615 2130 1069 2191; baseline -0.004 -10"><span class='ocrx_word' id='word_1_158' title='bbox 615 2147 639 2191; x_wconf 84' lang='lat' dir='ltr'>o,</span> <span class='ocrx_word' id='word_1_159' title='bbox 658 2148 733 2181; x_wconf 82' lang='lat' dir='ltr'>come</span> <span class='ocrx_word' id='word_1_160' title='bbox 746 2131 851 2180; x_wconf 80' lang='lat' dir='ltr'>traduce</span> <span class='ocrx_word' id='word_1_161' title='bbox 864 2131 883 2178; x_wconf 88' lang='lat' dir='ltr'>il</span> <span class='ocrx_word' id='word_1_162' title='bbox 895 2130 982 2187; x_wconf 77' lang='lat' dir='ltr'>Gradi,</span> <span class='ocrx_word' id='word_1_163' title='bbox 1004 2150 1016 2174; x_wconf 75' lang='grc' dir='ltr'>ι</span> <span class='ocrx_word' id='word_1_164' title='bbox 1032 2130 1069 2179; x_wconf 89' lang='lat' dir='ltr'>mi</span> 
     </span>
     <span class='ocr_line' id='line_1_36' title="bbox 615 2197 1071 2268; baseline -0.007 -15"><span class='ocrx_word' id='word_1_165' title='bbox 615 2211 695 2253; x_wconf 88' lang='lat' dir='ltr'>metto</span> <span class='ocrx_word' id='word_1_166' title='bbox 711 2202 730 2252; x_wconf 80' lang='lat' dir='ltr'>lt</span> <span class='ocrx_word' id='word_1_167' title='bbox 743 2203 770 2251; x_wconf 93' lang='lat' dir='ltr'>di</span> <span class='ocrx_word' id='word_1_168' title='bbox 790 2203 911 2268; x_wconf 82' lang='lat' dir='ltr'>piantone</span> <span class='ocrx_word' id='word_1_169' title='bbox 932 2220 955 2251; x_wconf 75' lang='grc' dir='ltr'>ι.</span> <span class='ocrx_word' id='word_1_170' title='bbox 973 2200 1035 2250; x_wconf 89' lang='lat' dir='ltr'>Non</span> <span class='ocrx_word' id='word_1_171' title='bbox 1054 2197 1071 2250; x_wconf 76' lang='grc' dir='ltr'>ὲ</span> 
     </span>
     <span class='ocr_line' id='line_1_37' title="bbox 615 2267 1070 2330; baseline -0.009 -6"><span class='ocrx_word' id='word_1_172' title='bbox 615 2275 714 2324; x_wconf 78' lang='lat' dir='ltr'><strong>esclusa</strong></span> <span class='ocrx_word' id='word_1_173' title='bbox 732 2274 813 2324; x_wconf 81' lang='lat' dir='ltr'>l&#39;idea</span> <span class='ocrx_word' id='word_1_174' title='bbox 832 2273 858 2321; x_wconf 93' lang='lat' dir='ltr'>di</span> <span class='ocrx_word' id='word_1_175' title='bbox 871 2271 974 2330; x_wconf 66' lang='lat' dir='ltr'>ostilitt,</span> <span class='ocrx_word' id='word_1_176' title='bbox 994 2267 1070 2322; x_wconf 62' lang='lat' dir='ltr'>cheb</span> 
     </span>
     <span class='ocr_line' id='line_1_38' title="bbox 614 2343 1075 2395; baseline -0.007 -1"><span class='ocrx_word' id='word_1_177' title='bbox 614 2352 753 2395; x_wconf 87' lang='lat' dir='ltr'>contenuta</span> <span class='ocrx_word' id='word_1_178' title='bbox 766 2345 808 2394; x_wconf 84' lang='lat' dir='ltr'>nel</span> <span class='ocrx_word' id='word_1_179' title='bbox 821 2344 899 2394; x_wconf 83' lang='lat' dir='ltr'>verbo</span> <span class='ocrx_word' id='word_1_180' title='bbox 918 2344 1031 2392; x_wconf 82' lang='lat' dir='ltr'>obsidere</span> <span class='ocrx_word' id='word_1_181' title='bbox 1041 2343 1075 2391; x_wconf 41' lang='lat' dir='ltr'>in»</span> 
     </span>
     <span class='ocr_line' id='line_1_39' title="bbox 614 2414 1071 2481; baseline -0.007 -16"><span class='ocrx_word' id='word_1_182' title='bbox 614 2431 688 2466; x_wconf 85' lang='lat' dir='ltr'>senso</span> <span class='ocrx_word' id='word_1_183' title='bbox 717 2416 837 2481; x_wconf 78' lang='lat' dir='ltr'>propri03</span> <span class='ocrx_word' id='word_1_184' title='bbox 867 2414 894 2463; x_wconf 88' lang='lat' dir='ltr'>in</span> <span class='ocrx_word' id='word_1_185' title='bbox 924 2414 980 2463; x_wconf 80' lang='lat' dir='ltr'>fatti</span> <span class='ocrx_word' id='word_1_186' title='bbox 1008 2421 1071 2462; x_wconf 75' lang='lat' dir='ltr'>nota</span> 
     </span>
     <span class='ocr_line' id='line_1_40' title="bbox 613 2485 1068 2551; baseline -0.002 -16"><span class='ocrx_word' id='word_1_187' title='bbox 613 2487 733 2536; x_wconf 87' lang='lat' dir='ltr'>Donato:</span> <span class='ocrx_word' id='word_1_188' title='bbox 753 2487 858 2551; x_wconf 90' lang='lat' dir='ltr'>Proprie</span> <span class='ocrx_word' id='word_1_189' title='bbox 872 2486 983 2535; x_wconf 85' lang='lat' dir='ltr'>obsidere</span> <span class='ocrx_word' id='word_1_190' title='bbox 996 2485 1068 2534; x_wconf 85' lang='lat' dir='ltr'>dixit.</span> 
     </span>
     <span class='ocr_line' id='line_1_41' title="bbox 613 2556 1070 2608; baseline -0.004 -2"><span class='ocrx_word' id='word_1_191' title='bbox 613 2556 742 2608; x_wconf 87' lang='lat' dir='ltr'>Convenit</span> <span class='ocrx_word' id='word_1_192' title='bbox 760 2558 831 2608; x_wconf 85' lang='lat' dir='ltr'>enim</span> <span class='ocrx_word' id='word_1_193' title='bbox 849 2564 875 2607; x_wconf 89' lang='lat' dir='ltr'>et</span> <span class='ocrx_word' id='word_1_194' title='bbox 893 2558 961 2606; x_wconf 75' lang='lat' dir='ltr'>irato</span> <span class='ocrx_word' id='word_1_195' title='bbox 980 2563 1006 2606; x_wconf 84' lang='lat' dir='ltr'>et</span> <span class='ocrx_word' id='word_1_196' title='bbox 1027 2571 1070 2604; x_wconf 85' lang='lat' dir='ltr'>re·</span> 
     </span>
    </p>
   </div>
   <div class='ocr_carea' id='block_1_15' title="bbox 99 2626 868 2694">
    <p class='ocr_par' dir='ltr' id='par_1_16' title="bbox 99 2626 868 2694">
     <span class='ocr_line' id='line_1_42' title="bbox 99 2626 868 2694; baseline 0.003 -18"><span class='ocrx_word' id='word_1_197' title='bbox 99 2626 187 2692; x_wconf 81' lang='lat' dir='ltr'>prima</span> <span class='ocrx_word' id='word_1_198' title='bbox 205 2626 297 2675; x_wconf 84' lang='lat' dir='ltr'><strong>sillaba</strong></span> <span class='ocrx_word' id='word_1_199' title='bbox 315 2627 342 2676; x_wconf 88' lang='lat' dir='ltr'>in</span> <span class='ocrx_word' id='word_1_200' title='bbox 363 2628 422 2678; x_wconf 83' lang='lat' dir='ltr'>arsi.</span> <span class='ocrx_word' id='word_1_201' title='bbox 444 2627 501 2676; x_wconf 86' lang='lat' dir='ltr'>Con</span> <span class='ocrx_word' id='word_1_202' title='bbox 522 2628 559 2692; x_wconf 83' lang='lat' dir='ltr'>gli</span> <span class='ocrx_word' id='word_1_203' title='bbox 609 2637 687 2693; x_wconf 78' lang='lat' dir='ltr'><em>pente</em></span> <span class='ocrx_word' id='word_1_204' title='bbox 705 2644 868 2694; x_wconf 76' lang='lat' dir='ltr'>aggressuro.</span> 
     </span>
    </p>
   </div>
   <div class='ocr_carea' id='block_1_16' title="bbox 88 2698 558 3684">
    <p class='ocr_par' dir='ltr' id='par_1_17' title="bbox 88 2698 558 3030">
     <span class='ocr_line' id='line_1_43' title="bbox 98 2698 558 2763; baseline 0.004 -17"><span class='ocrx_word' id='word_1_205' title='bbox 98 2698 218 2763; x_wconf 80' lang='lat' dir='ltr'>anapesti</span> <span class='ocrx_word' id='word_1_206' title='bbox 236 2698 257 2746; x_wconf 90' lang='lat' dir='ltr'>si</span> <span class='ocrx_word' id='word_1_207' title='bbox 276 2698 451 2758; x_wconf 83' lang='lat' dir='ltr'>scandirebbe,</span> <span class='ocrx_word' id='word_1_208' title='bbox 465 2713 513 2748; x_wconf 87' lang='lat' dir='ltr'>con</span> <span class='ocrx_word' id='word_1_209' title='bbox 532 2699 558 2748; x_wconf 90' lang='lat' dir='ltr'>lo</span> 
     </span>
     <span class='ocr_line' id='line_1_44' title="bbox 98 2767 558 2829; baseline 0 -11"><span class='ocrx_word' id='word_1_210' title='bbox 98 2768 216 2825; x_wconf 80' lang='lat' dir='ltr'>Sloman,</span> <span class='ocrx_word' id='word_1_211' title='bbox 242 2767 308 2818; x_wconf 80' lang='lat' dir='ltr'>cosi:</span> <span class='ocrx_word' id='word_1_212' title='bbox 335 2770 390 2829; x_wconf 83' lang='lat' dir='ltr'>Quo</span> <span class='ocrx_word' id='word_1_213' title='bbox 414 2769 488 2818; x_wconf 71' lang='grc' dir='ltr'><em>κόνι)</em></span> <span class='ocrx_word' id='word_1_214' title='bbox 514 2786 558 2818; x_wconf 83' lang='lat' dir='ltr'>ne·</span> 
     </span>
     <span class='ocr_line' id='line_1_45' title="bbox 97 2837 558 2905; baseline 0.002 -16"><span class='ocrx_word' id='word_1_215' title='bbox 97 2856 148 2903; x_wconf 84' lang='lat' dir='ltr'>que</span> <span class='ocrx_word' id='word_1_216' title='bbox 168 2840 215 2888; x_wconf 73' lang='lat' dir='ltr'><em>illi</em></span> <span class='ocrx_word' id='word_1_217' title='bbox 234 2837 294 2903; x_wconf 88' lang='lat' dir='ltr'>(con</span> <span class='ocrx_word' id='word_1_218' title='bbox 316 2839 341 2888; x_wconf 79' lang='lat' dir='ltr'>la</span> <span class='ocrx_word' id='word_1_219' title='bbox 365 2841 448 2905; x_wconf 83' lang='lat' dir='ltr'>prima</span> <span class='ocrx_word' id='word_1_220' title='bbox 468 2839 558 2904; x_wconf 83' lang='lat' dir='ltr'>breve)</span> 
     </span>
     <span class='ocr_line' id='line_1_46' title="bbox 88 2910 557 2975; baseline 0.004 -17"><span class='ocrx_word' id='word_1_221' title='bbox 88 2910 205 2974; x_wconf 79' lang='lat' dir='ltr'>fabrica</span> <span class='ocrx_word' id='word_1_222' title='bbox 224 2910 281 2959; x_wconf 67' lang='lat' dir='ltr'><em>alla</em></span> <span class='ocrx_word' id='word_1_223' title='bbox 296 2910 360 2968; x_wconf 74' lang='lat' dir='ltr'>mit,</span> <span class='ocrx_word' id='word_1_224' title='bbox 380 2928 426 2960; x_wconf 78' lang='lat' dir='ltr'>nec</span> <span class='ocrx_word' id='word_1_225' title='bbox 435 2910 557 2975; x_wconf 71' lang='lat' dir='ltr'>frdtrem</span> 
     </span>
     <span class='ocr_line' id='line_1_47' title="bbox 97 2996 150 3030; baseline 0 0"><span class='ocrx_word' id='word_1_226' title='bbox 97 2996 150 3030; x_wconf 84' lang='lat' dir='ltr'>ece.</span> 
     </span>
    </p>

    <p class='ocr_par' dir='ltr' id='par_1_18' title="bbox 96 3051 557 3536">
     <span class='ocr_line' id='line_1_48' title="bbox 134 3051 557 3116; baseline 0 -17"><span class='ocrx_word' id='word_1_227' title='bbox 134 3051 266 3115; x_wconf 86' lang='lat'><strong>716-717.</strong></span> <span class='ocrx_word' id='word_1_228' title='bbox 284 3067 355 3102; x_wconf 84' lang='lat' dir='ltr'><em>nec...</em></span> <span class='ocrx_word' id='word_1_229' title='bbox 368 3052 466 3102; x_wconf 61' lang='lat' dir='ltr'>homo..</span> <span class='ocrx_word' id='word_1_230' title='bbox 486 3053 557 3116; x_wconf 69' lang='lat' dir='ltr'><em>quis·</em></span> 
     </span>
     <span class='ocr_line' id='line_1_49' title="bbox 96 3122 555 3186; baseline -0.004 -14"><span class='ocrx_word' id='word_1_231' title='bbox 96 3138 200 3186; x_wconf 78' lang='lat' dir='ltr'><em>quam:</em></span> <span class='ocrx_word' id='word_1_232' title='bbox 225 3122 271 3171; x_wconf 86' lang='lat' dir='ltr'>cfr.</span> <span class='ocrx_word' id='word_1_233' title='bbox 292 3139 315 3173; x_wconf 87' lang='lat' dir='ltr'>v.</span> <span class='ocrx_word' id='word_1_234' title='bbox 335 3122 396 3186; x_wconf 82' lang='lat'><strong>366.</strong></span> <span class='ocrx_word' id='word_1_235' title='bbox 421 3150 452 3159; x_wconf 88' lang='lat'><em>-</em></span> <span class='ocrx_word' id='word_1_236' title='bbox 478 3124 555 3172; x_wconf 80' lang='lat' dir='ltr'><em>aibat.</em></span> 
     </span>
     <span class='ocr_line' id='line_1_50' title="bbox 96 3193 554 3258; baseline -0.002 -15"><span class='ocrx_word' id='word_1_237' title='bbox 96 3194 193 3243; x_wconf 84' lang='lat' dir='ltr'>Anche</span> <span class='ocrx_word' id='word_1_238' title='bbox 217 3194 270 3258; x_wconf 85' lang='lat' dir='ltr'>qui,</span> <span class='ocrx_word' id='word_1_239' title='bbox 298 3208 372 3244; x_wconf 88' lang='lat' dir='ltr'>come</span> <span class='ocrx_word' id='word_1_240' title='bbox 399 3194 425 3242; x_wconf 84' lang='lat' dir='ltr'>al</span> <span class='ocrx_word' id='word_1_241' title='bbox 452 3210 475 3243; x_wconf 83' lang='lat' dir='ltr'>v.</span> <span class='ocrx_word' id='word_1_242' title='bbox 505 3193 554 3256; x_wconf 81' lang='lat'>561</span> 
     </span>
     <span class='ocr_line' id='line_1_51' title="bbox 96 3262 556 3330; baseline 0.002 -19"><span class='ocrx_word' id='word_1_243' title='bbox 96 3263 182 3326; x_wconf 77' lang='lat' dir='ltr'>(Vedi</span> <span class='ocrx_word' id='word_1_244' title='bbox 196 3263 221 3312; x_wconf 92' lang='lat' dir='ltr'>la</span> <span class='ocrx_word' id='word_1_245' title='bbox 234 3262 314 3330; x_wconf 78' lang='lat' dir='ltr'>nota),</span> <span class='ocrx_word' id='word_1_246' title='bbox 334 3264 355 3313; x_wconf 90' lang='lat' dir='ltr'>si</span> <span class='ocrx_word' id='word_1_247' title='bbox 375 3265 437 3314; x_wconf 85' lang='lat' dir='ltr'>deve</span> <span class='ocrx_word' id='word_1_248' title='bbox 451 3266 556 3328; x_wconf 81' lang='lat' dir='ltr'>leggere</span> 
     </span>
     <span class='ocr_line' id='line_1_52' title="bbox 96 3334 556 3393; baseline -0.002 -10"><span class='ocrx_word' id='word_1_249' title='bbox 96 3337 179 3391; x_wconf 79' lang='lat' dir='ltr'>aibat,</span> <span class='ocrx_word' id='word_1_250' title='bbox 202 3336 330 3393; x_wconf 85' lang='lat' dir='ltr'>bisillabo,</span> <span class='ocrx_word' id='word_1_251' title='bbox 356 3345 445 3385; x_wconf 88' lang='lat' dir='ltr'>contro</span> <span class='ocrx_word' id='word_1_252' title='bbox 469 3334 556 3384; x_wconf 90' lang='lat' dir='ltr'>tuttii</span> 
     </span>
     <span class='ocr_line' id='line_1_53' title="bbox 97 3406 555 3465; baseline 0.004 -11"><span class='ocrx_word' id='word_1_253' title='bbox 97 3406 194 3465; x_wconf 85' lang='lat' dir='ltr'>codici,</span> <span class='ocrx_word' id='word_1_254' title='bbox 222 3407 270 3456; x_wconf 86' lang='lat' dir='ltr'>che</span> <span class='ocrx_word' id='word_1_255' title='bbox 296 3407 382 3456; x_wconf 82' lang='lat' dir='ltr'>hanno</span> <span class='ocrx_word' id='word_1_256' title='bbox 405 3408 495 3456; x_wconf 81' lang='lat' dir='ltr'>aiebat.</span> <span class='ocrx_word' id='word_1_257' title='bbox 521 3430 555 3440; x_wconf 89' lang='lat'>-</span> 
     </span>
     <span class='ocr_line' id='line_1_54' title="bbox 97 3474 555 3536; baseline 0 -11"><span class='ocrx_word' id='word_1_258' title='bbox 97 3478 178 3534; x_wconf 77' lang='lat' dir='ltr'><em>domi,</em></span> <span class='ocrx_word' id='word_1_259' title='bbox 197 3474 260 3536; x_wconf 72' lang='grc' dir='ltr'>οἰοὲ,</span> <span class='ocrx_word' id='word_1_260' title='bbox 274 3478 301 3526; x_wconf 88' lang='lat' dir='ltr'>in</span> <span class='ocrx_word' id='word_1_261' title='bbox 320 3492 378 3527; x_wconf 80' lang='lat' dir='ltr'>casa</span> <span class='ocrx_word' id='word_1_262' title='bbox 394 3477 422 3525; x_wconf 90' lang='lat' dir='ltr'>di</span> <span class='ocrx_word' id='word_1_263' title='bbox 435 3477 555 3526; x_wconf 82' lang='lat' dir='ltr'>Micione.</span> 
     </span>
    </p>

    <p class='ocr_par' dir='ltr' id='par_1_19' title="bbox 95 3547 554 3684">
     <span class='ocr_line' id='line_1_55' title="bbox 135 3547 554 3611; baseline -0.005 -14"><span class='ocrx_word' id='word_1_264' title='bbox 135 3547 198 3611; x_wconf 83' lang='lat'><em>718.</em></span> <span class='ocrx_word' id='word_1_265' title='bbox 220 3548 350 3598; x_wconf 84' lang='lat' dir='ltr'><em>Certum...</em></span> <span class='ocrx_word' id='word_1_266' title='bbox 369 3556 408 3597; x_wconf 78' lang='lat' dir='ltr'>est</span> <span class='ocrx_word' id='word_1_267' title='bbox 417 3570 454 3590; x_wconf 94' lang='lat'><em>=</em></span> <span class='ocrx_word' id='word_1_268' title='bbox 466 3549 554 3605; x_wconf 77' lang='lat' dir='ltr'>statui,</span> 
     </span>
     <span class='ocr_line' id='line_1_56' title="bbox 95 3614 554 3684; baseline -0.002 -16"><span class='ocrx_word' id='word_1_269' title='bbox 95 3618 195 3684; x_wconf 82' lang='lat' dir='ltr'>voglio.</span> <span class='ocrx_word' id='word_1_270' title='bbox 218 3619 249 3668; x_wconf 89' lang='lat' dir='ltr'>In</span> <span class='ocrx_word' id='word_1_271' title='bbox 268 3619 325 3669; x_wconf 82' lang='lat' dir='ltr'>fatti</span> <span class='ocrx_word' id='word_1_272' title='bbox 343 3627 428 3669; x_wconf 84' lang='lat' dir='ltr'>certus</span> <span class='ocrx_word' id='word_1_273' title='bbox 447 3614 462 3667; x_wconf 78' lang='grc' dir='ltr'>ὲ</span> <span class='ocrx_word' id='word_1_274' title='bbox 486 3617 554 3668; x_wconf 83' lang='lat' dir='ltr'>della</span> 
     </span>
    </p>
   </div>
   <div class='ocr_carea' id='block_1_17' title="bbox 610 2768 1077 3685">
    <p class='ocr_par' dir='ltr' id='par_1_20' title="bbox 611 2768 1076 3187">
     <span class='ocr_line' id='line_1_57' title="bbox 648 2768 1070 2833; baseline -0.002 -14"><span class='ocrx_word' id='word_1_275' title='bbox 648 2770 709 2828; x_wconf 89' lang='lat'>1111,</span> <span class='ocrx_word' id='word_1_276' title='bbox 730 2780 754 2833; x_wconf 82' lang='lat'>7.</span> <span class='ocrx_word' id='word_1_277' title='bbox 782 2771 884 2820; x_wconf 84' lang='lat' dir='ltr'>Mentre</span> <span class='ocrx_word' id='word_1_278' title='bbox 912 2768 1011 2818; x_wconf 82' lang='lat' dir='ltr'>Demea</span> <span class='ocrx_word' id='word_1_279' title='bbox 1030 2775 1070 2818; x_wconf 79' lang='lat' dir='ltr'>sta</span> 
     </span>
     <span class='ocr_line' id='line_1_58' title="bbox 611 2839 1068 2907; baseline -0.004 -17"><span class='ocrx_word' id='word_1_280' title='bbox 611 2857 659 2907; x_wconf 82' lang='lat' dir='ltr'>per</span> <span class='ocrx_word' id='word_1_281' title='bbox 673 2848 774 2891; x_wconf 77' lang='lat' dir='ltr'>entrare</span> <span class='ocrx_word' id='word_1_282' title='bbox 787 2842 814 2890; x_wconf 91' lang='lat' dir='ltr'>in</span> <span class='ocrx_word' id='word_1_283' title='bbox 827 2855 884 2889; x_wconf 79' lang='lat' dir='ltr'>casa</span> <span class='ocrx_word' id='word_1_284' title='bbox 902 2839 945 2889; x_wconf 85' lang='lat' dir='ltr'>del</span> <span class='ocrx_word' id='word_1_285' title='bbox 958 2839 1068 2899; x_wconf 83' lang='lat' dir='ltr'>fratello,</span> 
     </span>
     <span class='ocr_line' id='line_1_59' title="bbox 612 2910 1076 2975; baseline -0.006 -14"><span class='ocrx_word' id='word_1_286' title='bbox 612 2927 673 2961; x_wconf 90' lang='lat' dir='ltr'>ecco</span> <span class='ocrx_word' id='word_1_287' title='bbox 697 2913 745 2961; x_wconf 88' lang='lat' dir='ltr'>che</span> <span class='ocrx_word' id='word_1_288' title='bbox 770 2912 882 2960; x_wconf 87' lang='lat' dir='ltr'>Micione</span> <span class='ocrx_word' id='word_1_289' title='bbox 908 2925 973 2968; x_wconf 82' lang='lat' dir='ltr'>esce,</span> <span class='ocrx_word' id='word_1_290' title='bbox 998 2910 1076 2975; x_wconf 85' lang='lat' dir='ltr'>dopo</span> 
     </span>
     <span class='ocr_line' id='line_1_60' title="bbox 612 2981 1067 3046; baseline -0.007 -15"><span class='ocrx_word' id='word_1_291' title='bbox 612 2999 686 3033; x_wconf 83' lang='lat' dir='ltr'>avere</span> <span class='ocrx_word' id='word_1_292' title='bbox 695 2983 898 3033; x_wconf 79' lang='lat' dir='ltr'>sollecitamente</span> <span class='ocrx_word' id='word_1_293' title='bbox 909 2981 1067 3046; x_wconf 81' lang='lat' dir='ltr'>provveduto</span> 
     </span>
     <span class='ocr_line' id='line_1_61' title="bbox 611 3048 1068 3118; baseline -0.004 -15"><span class='ocrx_word' id='word_1_294' title='bbox 611 3070 627 3103; x_wconf 76' lang='lat' dir='ltr'><strong>a</strong></span> <span class='ocrx_word' id='word_1_295' title='bbox 638 3061 735 3118; x_wconf 87' lang='lat' dir='ltr'>quanto</span> <span class='ocrx_word' id='word_1_296' title='bbox 744 3070 787 3104; x_wconf 78' lang='lat' dir='ltr'>era</span> <span class='ocrx_word' id='word_1_297' title='bbox 796 3052 938 3103; x_wconf 81' lang='lat' dir='ltr'>necessario</span> <span class='ocrx_word' id='word_1_298' title='bbox 948 3048 984 3117; x_wconf 87' lang='lat' dir='ltr'>(v.</span> <span class='ocrx_word' id='word_1_299' title='bbox 996 3050 1068 3115; x_wconf 87' lang='lat'>719).</span> 
     </span>
     <span class='ocr_line' id='line_1_62' title="bbox 611 3124 982 3187; baseline -0.005 -14"><span class='ocrx_word' id='word_1_300' title='bbox 611 3125 711 3175; x_wconf 86' lang='lat' dir='ltr'>Metto:</span> <span class='ocrx_word' id='word_1_301' title='bbox 732 3126 835 3173; x_wconf 78' lang='lat' dir='ltr'>senario</span> <span class='ocrx_word' id='word_1_302' title='bbox 850 3124 982 3187; x_wconf 76' lang='lat' dir='ltr'>giambr‘co.</span> 
     </span>
    </p>

    <p class='ocr_par' dir='ltr' id='par_1_21' title="bbox 610 3195 1077 3685">
     <span class='ocr_line' id='line_1_63' title="bbox 648 3195 1066 3259; baseline -0.005 -14"><span class='ocrx_word' id='word_1_303' title='bbox 648 3205 708 3258; x_wconf 82' lang='lat'>719.</span> <span class='ocrx_word' id='word_1_304' title='bbox 727 3197 781 3253; x_wconf 85' lang='lat' dir='ltr'>Ibo,</span> <span class='ocrx_word' id='word_1_305' title='bbox 800 3195 854 3245; x_wconf 84' lang='lat' dir='ltr'><em>illis</em></span> <span class='ocrx_word' id='word_1_306' title='bbox 866 3195 947 3243; x_wconf 80' lang='lat' dir='ltr'><em>dicam</em></span> <span class='ocrx_word' id='word_1_307' title='bbox 961 3210 1004 3259; x_wconf 91' lang='lat' dir='ltr'>qq.</span> <span class='ocrx_word' id='word_1_308' title='bbox 1018 3209 1066 3243; x_wconf 87' lang='lat' dir='ltr'>ss.:</span> 
     </span>
     <span class='ocr_line' id='line_1_64' title="bbox 611 3262 1068 3332; baseline -0.002 -18"><span class='ocrx_word' id='word_1_309' title='bbox 611 3266 724 3316; x_wconf 85' lang='lat' dir='ltr'>Micione</span> <span class='ocrx_word' id='word_1_310' title='bbox 743 3266 800 3316; x_wconf 79' lang='lat' dir='ltr'>dice</span> <span class='ocrx_word' id='word_1_311' title='bbox 818 3273 908 3332; x_wconf 81' lang='lat' dir='ltr'>queste</span> <span class='ocrx_word' id='word_1_312' title='bbox 932 3265 1021 3329; x_wconf 79' lang='lat' dir='ltr'>parole</span> <span class='ocrx_word' id='word_1_313' title='bbox 1040 3262 1068 3313; x_wconf 87' lang='lat' dir='ltr'>di</span> 
     </span>
     <span class='ocr_line' id='line_1_65' title="bbox 611 3336 1075 3403; baseline -0.004 -17"><span class='ocrx_word' id='word_1_314' title='bbox 611 3337 677 3386; x_wconf 83' lang='lat' dir='ltr'><strong>sulla</strong></span> <span class='ocrx_word' id='word_1_315' title='bbox 686 3345 767 3403; x_wconf 85' lang='lat' dir='ltr'>porta,</span> <span class='ocrx_word' id='word_1_316' title='bbox 778 3336 900 3394; x_wconf 61' lang='lat' dir='ltr'>useendo²</span> <span class='ocrx_word' id='word_1_317' title='bbox 914 3336 1075 3401; x_wconf 81' lang='lat' dir='ltr'><strong>aqualcuno·</strong></span> 
     </span>
     <span class='ocr_line' id='line_1_66' title="bbox 611 3406 1068 3467; baseline 0 -11"><span class='ocrx_word' id='word_1_318' title='bbox 611 3408 671 3457; x_wconf 85' lang='lat' dir='ltr'>nell&#39;</span> <span class='ocrx_word' id='word_1_319' title='bbox 683 3409 785 3458; x_wconf 85' lang='lat' dir='ltr'>interno</span> <span class='ocrx_word' id='word_1_320' title='bbox 810 3407 878 3456; x_wconf 80' lang='lat' dir='ltr'>della</span> <span class='ocrx_word' id='word_1_321' title='bbox 905 3422 970 3467; x_wconf 80' lang='lat' dir='ltr'><strong>casa,</strong></span> <span class='ocrx_word' id='word_1_322' title='bbox 1000 3406 1068 3456; x_wconf 80' lang='lat' dir='ltr'>forse</span> 
     </span>
     <span class='ocr_line' id='line_1_67' title="bbox 610 3478 1070 3536; baseline -0.002 -10"><span class='ocrx_word' id='word_1_323' title='bbox 610 3479 692 3528; x_wconf 85' lang='lat' dir='ltr'>anche</span> <span class='ocrx_word' id='word_1_324' title='bbox 717 3480 749 3527; x_wconf 86' lang='lat' dir='ltr'>ad</span> <span class='ocrx_word' id='word_1_325' title='bbox 771 3478 892 3527; x_wconf 87' lang='lat' dir='ltr'>Eschino.</span> <span class='ocrx_word' id='word_1_326' title='bbox 920 3503 953 3513; x_wconf 90' lang='lat'><em>-</em></span> <span class='ocrx_word' id='word_1_327' title='bbox 972 3479 1033 3536; x_wconf 72' lang='lat' dir='ltr'><em>illis,</em></span> <span class='ocrx_word' id='word_1_328' title='bbox 1054 3492 1070 3525; x_wconf 82' lang='lat' dir='ltr'><strong>a</strong></span> 
     </span>
     <span class='ocr_line' id='line_1_68' title="bbox 611 3547 1077 3611; baseline -0.006 -12"><span class='ocrx_word' id='word_1_329' title='bbox 611 3548 725 3599; x_wconf 81' lang='lat' dir='ltr'>Sostrata</span> <span class='ocrx_word' id='word_1_330' title='bbox 744 3565 758 3598; x_wconf 89' lang='lat' dir='ltr'>e</span> <span class='ocrx_word' id='word_1_331' title='bbox 776 3548 827 3597; x_wconf 77' lang='lat' dir='ltr'><strong>alla</strong></span> <span class='ocrx_word' id='word_1_332' title='bbox 843 3547 967 3611; x_wconf 85' lang='lat' dir='ltr'>figliuola.</span> <span class='ocrx_word' id='word_1_333' title='bbox 986 3575 1019 3584; x_wconf 92' lang='lat'><em>-</em></span> <span class='ocrx_word' id='word_1_334' title='bbox 1038 3548 1077 3596; x_wconf 72' lang='grc' dir='ltr'>ἐπ’</span> 
     </span>
     <span class='ocr_line' id='line_1_69' title="bbox 610 3618 1076 3685; baseline -0.002 -16"><span class='ocrx_word' id='word_1_335' title='bbox 610 3622 797 3678; x_wconf 68' lang='lat' dir='ltr'>mimeram,</span> <span class='ocrx_word' id='word_1_336' title='bbox 806 3618 914 3685; x_wconf 83' lang='lat' dir='ltr'>indugio</span> <span class='ocrx_word' id='word_1_337' title='bbox 923 3620 974 3670; x_wconf 81' lang='lat' dir='ltr'><strong>alle</strong></span> <span class='ocrx_word' id='word_1_338' title='bbox 983 3633 1076 3680; x_wconf 63' lang='lat' dir='ltr'>nom„</span> 
     </span>
    </p>
   </div>
   <div class='ocr_carea' id='block_1_18' title="bbox 0 0 1430 4259">
    <p class='ocr_par' dir='ltr' id='par_1_22' title="bbox 0 0 1430 4259">
     <span class='ocr_line' id='line_1_70' title="bbox 0 0 1430 4259; baseline 0 4"><span class='ocrx_word' id='word_1_339' title='bbox 0 0 1430 4259; x_wconf 95' lang='lat' dir='ltr'> </span> 
     </span>
    </p>
   </div>
  </div>
 </body>
</html>
