2850 4259
743 284 867 361 196

1515 299 1894 343 P.TERENT1

738 424 802 485 Si
870 425 934 485 {d
1002 427 1068 485 fit
1134 425 1337 485 dando
1398 436 1580 517 atque
1648 424 2063 502 obsequendO,
2131 433 2276 490 non
2316 422 2628 503 posterioris

1627 515 1834 576 feram.

1046 602 1109 663 id
1159 621 1295 663 mea
1339 609 1608 663 minume
1656 622 1721 662 re
1767 604 2054 681 fert,qu1
2100 622 2232 662 sum
2270 611 2410 661 natu
2453 609 2627 661 maxu-

738 602 942 665 Deerit
960 620 974 663 :

2517 515 2622 571 880

1627 710 1780 753 mus.

806 970 926 1021 380.
963 988 1070 1020 non
1104 971 1411 1035 posterioris
1435 970 1640 1034 feram,

742 1045 818 1089 acl.
850 1044 1056 1106 partis:
1094 1058 1197 1091 una
1223 1040 1470 1091 metafora
1494 1057 1643 1107 presa

734 1113 814 1161 ιῐει]
841 1112 1141 1177 linguaggio
1167 1112 1303 1162 della
1329 1127 1509 1171 scena3
1548 1112 1638 1163 cfr.

734 1185 782 1233 Μ
822 1192 940 1233 nota
963 1183 1013 1232 al
1036 1200 1081 1233 v.
1114 1181 1235 1246 860,
1275 1183 1338 1233 ed
1366 1186 1507 1233 Eun.
1543 1193 1637 1247 151

730 1273 806 1317 fig.
832 1255 955 1303 Sine
990 1254 1140 1303 illum
1168 1254 1378 1320 priores
1404 1255 1634 1319 partis...

734 1326 896 1389 Apud
925 1342 1002 1374 me
1041 1327 1262 1384 habere,·
1299 1340 1500 1387 ancora,
1540 1340 1640 1375 con

734 1396 935 1445 l'ellissi
961 1396 1014 1445 di
1033 1397 1223 1460 partis,
1264 1395 1409 1445 Oraz.
1452 1396 1560 1445 Sat.
1594 1411 1637 1456 1,

730 1485 778 1529 [1,
851 1467 921 1528 46
994 1468 1254 1533 Magnum
1332 1468 1637 1527 adiutorem,

722 1547 898 1601 *sm-set
960 1542 1056 1602 qui
1105 1537 1267 1602 ferre
1338 1538 1593 1586 secundas
1619 1556 1639 1592 .·

730 1613 833 1657 {fitz
874 1611 955 1658 De
992 1617 1123 1658 orat.
1152 1620 1200 1672 3,
1228 1610 1312 1674 56,
1353 1620 1454 1672 213
1493 1609 1640 1658 Huic

726 1685 924 1741 :mimas
1004 1680 1198 1729 dedisse
1272 1679 1638 1728 Demosthenes
1664 1705 1680 1726 ο

730 1753 958 1812 ς,,-“ἑεὲίειν;
993 1751 1152 1800 Brut.
1195 1763 1277 1810 21,
1319 1749 1388 1812 84
1423 1751 1635 1814 ingenii,

726 1821 1054 1885 m'aewffuentiae,
1094 1823 1374 1886 sapientiae
1417 1822 1638 1885 denique

726 1897 822 1941 em·
876 1894 1088 1957 utrique
1139 1894 1361 1957 primas,
1428 1893 1636 1955 priores

726 1973 894 2014 :tmen
919 1964 1133 2012 libenter
1153 1963 1401 2027 deserunt
1423 1962 1599 2033 Laelio
1615 1981 1638 2022 ,-

726 2049 810 2093 4⁴33
847 2034 972 2098 1833
1027 2048 1111 2096 90,
1161 2033 1294 2097 3083
1347 2049 1450 2083 ecc.
1497 2034 1542 2083 E
1581 2034 1634 2083 di

730 2121 818 2153 ιιςῡ
860 2105 1294 2171 frequentissimo.
1346 2105 1436 2154 Ho
1486 2121 1634 2153 man-

726 2184 899 2226 tunuta
935 2177 986 2226 la
1034 2175 1193 2241 grafia
1239 2172 1330 2242 pih
1373 2176 1543 2225 antica
1580 2176 1635 2225 di

726 2253 762 2293 ,ἡ
798 2249 1146 2309 posterioris:
1182 2247 1274 2299 cfr.
1311 2264 1357 2298 v,
1398 2245 1503 2311 834
1541 2263 1635 2313 per

726 2320 1063 2368 smannens.

798 2387 915 2440 581.
935 2390 1133 2446 Deerit,
1153 2390 1243 2438 scl.
1263 2389 1507 2454 pecunia,
1528 2405 1628 2448 res,

726 2461 754 2505 ik
798 2460 1132 2525 patrimonio3
1159 2461 1251 2510 cfr.
1280 2461 1451 2509 dando
1475 2467 1632 2524 atque

722 2532 1032 2594 &sequendo
1093 2532 1415 2597 precedente.
1465 2531 1526 2578 L·
1554 2546 1629 2580 es-

724 2621 750 2697 1
758 2602 979 2653 re5si0ne
1035 2598 1064 2650 ὲ
1110 2609 1518 2667 .accompagnata
1565 2603 1630 2651 da

726 2689 786 2721 tn
796 2672 986 2722 alzata
1022 2673 1075 2721 di
1113 2672 1291 2739 spalle.
1323 2700 1387 2708 —
1423 2675 1488 2723 id
1519 2689 1628 2722 mea

738 2745 942 2793 femme
979 2761 1065 2810 qq.
1106 2761 1171 2794 ss.
1218 2743 1414 2808 Queste
1451 2743 1629 2810 parole

1750 986 1880 1019 sono
1934 971 2269 1037 pronunziate
2320 970 2377 1019 in
2429 969 2629 1019 maniera

1750 1041 1963 1091 risoluta
2011 1058 2040 1091 e
2077 1042 2223 1108 quasi
2269 1041 2541 1107 dispettosa
2575 1040 2626 1087 da

1747 1112 1960 1176 Demea,
2016 1113 2155 1178 dopo
2205 1112 2245 1162 il
2295 1119 2629 1162 momentaneo

1750 1183 2027 1249 riapparire
2081 1183 2199 1233 dell'
2216 1184 2443 1233 istintiva
2494 1183 2627 1248 parsi-

1751 1256 1926 1304 monia
1960 1255 2047 1304 del
2083 1254 2292 1304 vecchio
2338 1270 2440 1303 con
2475 1253 2634 1303 Deerit

1744 1325 2066 1390 precedente.
2128 1342 2254 1383 mea,
2312 1324 2627 1375 monosillabo

1745 1413 1837 1461 per
1873 1396 2090 1446 sinizesi.
2131 1423 2194 1432 —
2236 1398 2334 1460 qui
2372 1414 2485 1445 sum
2519 1402 2627 1444 natu

1744 1483 2058 1516 maxumus:
2108 1468 2278 1518 Schol.
2334 1487 2359 1512 ι
2404 1467 2492 1533 qui
2534 1480 2626 1514 sum

1743 1538 1944 1587 vicinus
1992 1538 2144 1588 morti
2189 1557 2249 1600 »ς
2308 1558 2333 1582 e
2386 1539 2455 1587 ho
2500 1534 2574 1601 gi&
2612 1534 2630 1583 i

1743 1608 1885 1673 piedi
1935 1609 2074 1659 nella
2119 1610 2257 1659 fossa
2297 1629 2321 1652 ι
2367 1609 2562 1658 traduce
2595 1605 2626 1654 il

1744 1678 2076 1744 Fortiguerri.
2127 1680 2182 1730 Si
2218 1680 2341 1729 badi
2387 1678 2508 1746 perh
2550 1678 2627 1726 che

1740 1751 1826 1799 chi
1862 1752 2070 1801 traduce
2111 1771 2136 1796 ι
2177 1752 2215 1801 il
2253 1748 2345 1817 pih
2385 1750 2578 1801 vecchio
2599 1766 2619 1790 ι

1742 1837 1847 1870 non
1874 1838 1998 1881 erra,
2027 1818 2260 1887 pul-che
2244 1822 2527 1885 lmmagini,
2561 1814 2626 1868 cib

1741 1893 1836 1943 che
1891 1909 1998 1943 non
2056 1889 2084 1942 ὲ
2139 1893 2501 1958 improbabile,
2550 1890 2624 1939 che

1741 1964 1955 2028 Demea,
1994 1964 2259 2014 dicendosi
2297 1973 2432 2014 natu
2469 1978 2622 2012 maxu-

1741 2052 1872 2094 mus,
1909 2036 2055 2101 pensi
2083 2051 2188 2084 non
2213 2036 2326 2084 solo
2352 2034 2405 2084 al
2434 2032 2621 2093 fratello,

1742 2122 1826 2156 ma
1864 2107 2027 2157 anche
2061 2106 2109 2156 ai
2159 2105 2385 2170 figliuoli
2430 2105 2622 2157 Eschino

1737 2192 1767 2226 e
1818 2177 2120 2238 Ctesifonte,
2166 2178 2185 2225 i
2233 2177 2381 2243 quali
2428 2173 2622 2226 natural·

1738 2255 1914 2298 mente
1943 2249 2224 2298 avrebbero
2251 2265 2359 2297 non
2387 2263 2533 2297 meno
2556 2243 2621 2294 del

1737 2317 1850 2369 loro
1886 2319 1965 2368 zio
2006 2320 2224 2369 risentiti
2262 2319 2336 2384 gli
2369 2319 2526 2369 effetti
2556 2313 2622 2364 del

1737 2390 1910 2440 venire
1967 2407 1998 2439 a
2052 2405 2289 2440 mancare
2346 2390 2485 2440 della
2530 2402 2623 2453 pro·

1735 2458 1913 2526 prieth.
1954 2462 2057 2511 Cfr.
2097 2478 2190 2527 per
2227 2478 2299 2510 un
2301 2462 2541 2523 ’analoga
2571 2456 2621 2505 si·

1736 2532 1971 2582 tuazione
1994 2532 2160 2583 Plaut
2192 2534 2348 2581 Trin.
2380 2546 2482 2595 319
2509 2526 2627 2579 Mihi

1734 2604 1938 2666 quidem
1963 2612 2105 2653 aetas
2141 2611 2312 2653 actast
2319 2602 2515 2666 ferme
2550 2607 2624 2649 tua

1732 2673 1868 2724 istuc
1903 2674 2074 2739 refert
2106 2689 2364 2725 maxume.
