2850 4259
378 303 475 349 XCVIII
743 298 979 346 tmoovztout

380 431 519 505 Eschino,
545 431 624 492 della
649 431 737 508 quale
769 449 819 490 era
848 439 926 490 stato
959 426 1120 488 informato
1146 429 1186 488 da
1214 428 1326 505 Egione.

379 539 470 617 Dopo
492 539 521 598 le
545 537 632 598 solite
656 537 779 616 querele
803 536 853 597 del
883 535 979 614 rigido
1009 534 1133 596 vecchio
1163 553 1180 593 e
1208 532 1328 594 ilsolito

379 645 483 707 lasciar
506 664 622 706 correre
646 644 678 705 di
701 641 844 717 Micione,
870 641 968 721 questi
992 642 1016 702 si
1038 661 1144 702 recava
1167 640 1198 702 in
1219 660 1282 702 casa
1301 639 1329 698 di
1386 650 1387 667 ³

379 754 510 814 Sostrata
533 771 586 830 per
609 751 684 812 dirle
707 753 763 812 che
787 760 866 811 tutto
890 769 940 810 era
963 759 1073 828 pronto
1096 747 1190 817 (esni
1212 769 1257 811 vv.
1275 750 1328 823 706

382 879 398 919 e
425 862 484 934 787
509 857 569 938 sg.)
595 860 699 937 perla
723 860 838 918 domum
861 859 992 917 deductio
1010 851 1104 935 (1),e
1127 858 1242 916 Demea
1255 851 1331 914 rima·
1386 876 1387 927 7

420 1243 464 1311 (1)
478 1245 538 1294 Non
552 1241 566 1294 ὲ
579 1262 630 1296 una
643 1263 701 1296 vera
714 1244 838 1296 difficoltt
850 1246 936 1312 quella
949 1262 996 1312 per
1007 1246 1032 1295 la
1042 1246 1118 1313 quale
1130 1246 1149 1295 il
1165 1246 1271 1298 Nenciui
1283 1262 1335 1295 ror·
1386 1274 1387 1297 l

389 1336 468 1386 rebbe
481 1351 605 1400 suppone
619 1337 646 1385 in
659 1337 792 1400 Terenzio‚
812 1337 880 1402 dopo
893 1336 918 1385 la
930 1351 1005 1386 scena
1019 1335 1056 1384 IV
1070 1346 1093 1399 5,
1107 1334 1198 1386 alcone
1209 1336 1336 1386 differeuze
1386 1308 1387 1381 i

387 1425 413 1473 di
429 1424 561 1475 economia
580 1424 767 1489 dall'originale
780 1439 874 1489 greco;
894 1425 938 1475 cir.
953 1426 993 1474 De
1006 1425 1067 1473 Tcr.
1082 1425 1190 1489 nsunt„
1203 1442 1228 1491 p.
1245 1437 1290 1486 140
1300 1439 1336 1488 sg.
1386 1406 1387 1465 i

387 1513 427 1575 Se,
443 1514 470 1562 in
487 1512 537 1562 fine
556 1513 624 1564 della
643 1530 677 1564 sc.
692 1525 730 1578 5³,
744 1515 856 1564 Micione
876 1520 947 1564 entra
964 1514 991 1562 in
1005 1529 1062 1563 casa
1074 1530 1120 1579 per
1132 1514 1248 1564 ordinare
1265 1514 1337 1578 ipre·
1386 1566 1387 1587 Χ

386 1602 494 1668 parativi
517 1602 585 1653 delle
603 1618 687 1665 nozze,
707 1621 723 1654 e
741 1604 791 1653 due
810 1620 884 1654 scene
905 1604 974 1669 dopo
998 1602 1047 1666 (lV
1067 1614 1091 1665 7,
1114 1602 1140 1667 1)
1164 1619 1197 1654 ne
1222 1619 1277 1654 esce
1295 1618 1337 1669 per
1385 1590 1387 1649 l

388 1691 482 1743 andare
501 1709 516 1741 a
534 1692 588 1743 dire
608 1709 623 1741 a
642 1691 754 1743 Sostrata
772 1694 826 1754 che,
846 1710 893 1760 per
905 1699 977 1759 parte
991 1707 1045 1754 sua,
1059 1708 1111 1742 non
1124 1693 1145 1742 si
1159 1693 1281 1759 frappone
1291 1692 1336 1742 alle

387 1795 463 1832 nozze
482 1781 558 1831 alcun
578 1783 685 1847 indugio
704 1782 770 1848 (Ibo,
789 1784 843 1833 illis
861 1785 944 1832 dicam
963 1782 1064 1831 nullam
1083 1798 1135 1830 essc
1153 1783 1181 1831 in
1200 1784 1270 1832 nobis
1292 1797 1338 1829 mo·

281 1908 284 1914 .
385 1885 452 1930 ram,
473 1868 545 1935 719),
564 1871 676 1921 Eschino
694 1873 746 1922 ben
765 1879 857 1938 poteva
876 1873 967 1922 alcone
985 1887 1061 1921 scene
1080 1871 1149 1936 dopo
1167 1872 1300 1938 esprimere
1315 1871 1339 1920 la

386 1975 432 2008 sua
451 1960 608 2025 impatienza
626 1976 640 2011 e
659 1962 678 2010 il
697 1978 744 2011 suo
763 1961 865 2011 fastidio
885 1957 978 2027 perche
990 1975 1128 2011 cercavano
1140 1961 1168 2009 in
1181 1976 1238 2010 casa
1251 1961 1276 2009 di
1288 1977 1338 2010 ren·

388 2049 447 2100 dere
466 2050 544 2099 nimir
563 2045 666 2100 sanctae
684 2051 709 2101 le
728 2067 812 2112 none,
836 2052 1011 2100 consumando
1036 2049 1088 2100 cosi
1113 2050 1139 2099 la
1164 2051 1279 2116 giornata
1302 2051 1339 2100 nei

387 2137 544 2201 preparativi
560 2135 625 2200 (899
645 2136 703 2203 sg.).
723 2139 836 2189 Micione
854 2140 887 2187 ha
906 2139 1032 2202 ordinato,
1048 2134 1062 2187 ὲ
1082 2139 1164 2188 usoito
1182 2138 1208 2188 di
1227 2153 1284 2188 casa
1300 2153 1339 2203 per

387 2225 447 2274 dare
465 2224 491 2274 la
509 2225 603 2276 notizia
621 2243 636 2275 a
655 2226 768 2277 Sostrata
786 2228 887 2277 nullam
906 2244 957 2277 esse
976 2242 1075 2276 moram
1094 2227 1122 2276 in
1141 2226 1178 2276 lui
1192 2243 1207 2277 e
1219 2227 1261 2277 nei
1273 2227 1338 2285 suoi;

389 2331 438 2374 ma,
458 2314 616 2381 impeditone
635 2316 823 2377 dall'incontro
841 2317 884 2366 del
902 2316 1012 2375 fratello.
1032 2332 1047 2366 e
1071 2333 1117 2380 per
1141 2316 1229 2382 quella
1251 2313 1339 2365 faciliti

389 2420 498 2454 comune
517 2405 545 2453 in
564 2406 663 2454 nomini
682 2406 742 2456 dell'
751 2406 837 2457 indole
855 2406 882 2454 di
901 2406 1021 2469 Micione,
1035 2421 1049 2454 e
1062 2405 1143 2455 anche
1155 2402 1248 2470 perche
1260 2411 1339 2470 tempo

390 2490 404 2541 ὲ
423 2500 526 2559 passato
545 2494 587 2544 nel
606 2494 707 2559 litigare
726 2496 774 2546 che
792 2495 891 2546 Demea
910 2495 942 2544 ha
961 2495 1025 2546 fatto
1043 2494 1149 2553 conlui,
1163 2482 1257 2544 nonso
1272 2494 1341 2543 sesia

389 2582 604 2644 inverosimile‚o
624 2599 675 2633 non
694 2582 739 2650 pil
758 2591 824 2634 tosto
844 2583 1040 2646 naturalissimo,
1060 2583 1107 2632 che
1126 2582 1177 2647 egli
1196 2599 1211 2632 a
1229 2582 1341 2640 Sostrata,

305 2691 308 2697 ⁴
391 2689 442 2722 una
460 2687 535 2721 scena
553 2671 629 2737 dopo,
646 2673 703 2722 dica
722 2673 924 2738 esplicitamente
943 2672 989 2722 che
1008 2679 1074 2721 tutto
1093 2688 1137 2721 era
1152 2678 1258 2736 punto,
1274 2687 1286 2720 e
1304 2671 1340 2718 cle

390 2762 418 2810 la
434 2768 509 2825 sposa
524 2768 617 2827 poteva
637 2777 717 2810 essm
735 2750 934 2827 accompagnata
954 2777 970 2809 a
988 2776 1055 2808 casa.
1068 2758 1128 2810 Cosi
1142 2759 1174 2808 ad
1193 2759 1255 2824 ogni
1269 2758 1341 2807 modo

391 2850 497 2901 credeva
517 2864 566 2899 con
578 2850 603 2899 la
617 2865 662 2899 sua
676 2847 773 2899 sacilitfa
785 2849 904 2907 Micione,
918 2846 1017 2914 perche¹
1032 2863 1085 2898 nou
1098 2850 1206 2899 essendo
1218 2849 1245 2897 in
1258 2855 1342 2914 questo

391 2947 478 3005 tempo
498 2940 622 2989 ritornato
641 2956 656 2988 a
674 2955 732 2989 casa
752 2940 784 2989 ad
803 2940 948 2988 informarsi
967 2939 1009 2989 del
1028 2954 1088 2989 vero
1107 2945 1172 2989 stato
1194 2937 1262 2989 delle
1280 2954 1340 2999 cose,

392 3044 504 3094 pensava
523 3028 570 3078 che
589 3029 695 3078 sarebbe
714 3034 780 3077 stato
800 3034 837 3077 tra
855 3028 871 3075 l’
882 3028 947 3078 altro
965 3027 1071 3092 agevole
1096 3034 1193 3077 trovare
1216 3027 1300 3077 subito
1323 3027 1342 3074 la

393 3117 498 3167 tibicina
517 3133 531 3166 e
550 3116 631 3182 quelli
650 3117 697 3167 che
717 3108 848 3167 doverano
866 3123 968 3166 cantare
987 3117 1130 3176 l'imeneo;
1149 3116 1176 3164 in
1195 3131 1256 3166 vece
1268 3115 1292 3165 le
1304 3132 1342 3181 pa·

394 3207 449 3256 role
467 3207 493 3255 di
512 3207 624 3257 Eschino
643 3207 707 3273 (egli
727 3222 783 3257 esce
802 3207 857 3258 solo
875 3222 919 3256 ora
937 3207 963 3256 di
983 3206 1052 3270 casa)
1070 3208 1094 3257 ci
1113 3206 1192 3255 fanno
1217 3207 1342 3257 intendere

393 3297 441 3346 che
453 3296 503 3346 alle
516 3312 593 3346 nozze
603 3297 624 3346 si
639 3294 794 3362 lrapponeva
807 3297 862 3347 solo
876 3299 956 3363 quest¹
968 3297 1074 3361 indugio
1087 3295 1161 3362 (cini
1175 3312 1214 3345 vv.
1228 3309 1280 3358 904
1292 3295 1343 3361 sgl,

395 3403 438 3437 ma
457 3387 518 3451 ogni
537 3387 602 3436 altro
615 3387 774 3452 preparativo
788 3403 830 3437 era
844 3393 909 3436 stato
923 3386 987 3435 fatto
999 3385 1057 3450 (cfr.
1072 3386 1090 3434 il
1104 3401 1126 3435 v.
1141 3385 1193 3448 699
1207 3401 1222 3435 e
1235 3385 1253 3433 il
1266 3394 1344 3434 nostro

396 3482 555 3536 commento;
581 3475 664 3525 Plaut.
685 3476 748 3526 Aul.
767 3485 815 3539 371
837 3490 892 3540 sgg.
911 3472 1024 3539 (Goetz),
1047 3472 1098 3538 382
1124 3489 1180 3539 sgg.
1200 3490 1221 3533 e,
1245 3474 1343 3539 special·

397 3572 490 3623 mente,
511 3563 644 3630 385·387;
664 3564 735 3628 eoo).
758 3565 863 3627 Quanto
881 3563 925 3630 poi
946 3563 998 3612 alla
1015 3563 1109 3613 notizia
1127 3563 1153 3613 di
1173 3565 1287 3626 Donato,
1305 3563 1343 3612 che

397 3654 418 3703 il
436 3670 459 3705 v.
474 3654 525 3718 706
544 3670 595 3704 uon
614 3655 636 3707 si
655 3660 757 3703 trovava
774 3654 801 3702 in
820 3653 905 3704 alcuni
924 3653 1088 3715 manoscritti,
1107 3652 1148 3702 sul
1167 3652 1244 3717 quale
1263 3652 1343 3702 londa·
