2850 4259
374 264 434 320 226

371 406 441 465 Pls'ss
463 404 520 467 scis
546 367 618 482 quid
642 422 718 483 opus
745 406 858 466 factost.
902 405 954 465 sed
977 405 1016 465 de
1039 408 1126 466 fratre
1155 403 1226 483 quid
1246 407 1308 464 fiet?

638 277 665 321 P.
691 277 828 320 Teanum
851 294 893 306 -
918 279 1083 322 ADELPHOE

374 584 507 644 Habeat:
536 583 567 644 in
584 584 657 645 {stac
676 585 770 644 flnem
785 494 883 645 sacllapl.
907 496 980 644 Ἢ
993 541 1083 646 'lstuc
1100 593 1191 649 recte.
1227 586 1309 645 CAN·

815 673 913 733 TOR.
937 673 1080 735 Plaudite.

410 953 469 1016 996.
489 955 569 1005 Plus:
586 975 597 997 ι
614 954 709 1018 meglio
726 972 747 1013 ι,
767 951 823 1004 οἰοὲ

374 1027 400 1075 di
423 1026 475 1074 noi.
500 1027 549 1075 Per
571 1027 587 1076 l’
599 1041 645 1074 uso
668 1040 778 1075 comune
797 1026 823 1075 di

371 1098 441 1162 plus,
461 1097 547 1145 minus
565 1098 593 1146 in
611 1097 738 1146 locuzioni
751 1111 823 1147 come

372 1169 433 1233 plus
452 1168 546 1227 uidere,
566 1169 639 1225 scire,
668 1183 719 1217 ecc.
742 1168 787 1218 cfr.
806 1168 825 1217 il

375 1256 398 1287 v.
418 1251 478 1302 993.
494 1263 525 1273 -
545 1241 594 1288 scis
607 1241 673 1303 quid
688 1247 752 1303 apus
762 1239 826 1303 fac·

376 1318 440 1359 lost:
458 1309 503 1358 cfr.
522 1326 568 1375 per
592 1310 608 1359 1’
620 1326 666 1359 uso
690 1310 749 1359 dell'
761 1310 826 1359 indi-

377 1381 460 1432 cativo
472 1380 532 1431 nell'
544 1381 693 1445 interrogaz.
707 1381 827 1430 indisetta

377 1454 385 1501 i
404 1468 442 1502 W·
466 1463 523 1515 ¹9⁵2
543 1450 594 1516 308
613 1468 659 1516 sg·›
685 1461 746 1516 3351
767 1465 826 1516 3431

378 1539 428 1574 ecc.
449 1550 481 1560 -
502 1524 532 1572 de
547 1523 642 1588 fratre
664 1525 730 1587 qus‘d
740 1524 828 1590 stell:

378 1595 422 1644 cfr.
441 1595 467 1644 la
484 1602 545 1643 nota
563 1611 578 1643 a
597 1595 663 1658 quid
674 1611 711 1643 me
722 1593 827 1658 faciam

378 1665 419 1716 del
438 1682 461 1716 v.
481 1666 626 1715 6¹1.Vedi
646 1666 732 1731 l'App.
752 1665 806 1714 crit.

414 1748 474 1799 997.
494 1738 602 1794 Habeat,
623 1736 666 1785 sel.
677 1736 825 1801 psaltriam,

378 1809 493 1857 amicans.
513 1834 544 1843 —
564 1809 592 1856 e'n
611 1810 674 1856 istac
685 1807 768 1871 finem
779 1807 828 1870 fa-

379 1882 443 1928 ciat:
457 1899 469 1923 ι
480 1896 521 1928 ma
534 1887 624 1944 questa
637 1878 673 1926 sia
682 1878 699 1926 l'
707 1878 797 1926 ultima
807 1896 828 1939 s,

379 1967 404 2011 ο,
418 1946 463 2014 piis
476 1949 669 2008 letteralmente,
685 1970 696 1992 ι
710 1950 736 1997 in
751 1950 830 1999 costei

383 2021 462 2072 faccia
475 2028 556 2086 punto
571 2040 593 2080 ι,
608 2036 680 2069 come
694 2020 797 2069 traduce
811 2020 830 2069 il

382 2093 466 2142 Bindi.
479 2094 542 2141 istac
559 2092 591 2141 ha
609 2091 633 2141 la
646 2092 729 2157 prima
740 2090 831 2140 sillaba

381 2163 534 2213 abbreviata.
555 2189 586 2199 -
606 2164 678 2212 Istuc
696 2170 769 2219 recte,
786 2163 829 2213 sel.

381 2243 438 2284 est:
458 2254 470 2277 ι
491 2234 531 2282 Va
548 2234 649 2283 benone
671 2251 692 2283 ι.
705 2233 774 2283 Nota
786 2249 830 2299 op-

877 955 892 1003 l’
900 971 1014 1022 asprezza
1029 955 1087 1006 dell'
1099 956 1184 1004 antico
1196 962 1309 1004 carattere.

878 1029 976 1077 —Per
994 1026 1079 1076 alcuni
1098 1027 1241 1092 particolari
1258 1025 1311 1074 sulla

878 1106 949 1162 parte
970 1098 1012 1147 del
1031 1106 1131 1156 cantor,
1155 1097 1313 1147 clr.l¹1ntso·

879 1170 995 1219 duzione.
1010 1192 1044 1205 -
1057 1170 1193 1218 Plaudite:
1209 1169 1251 1219 cfr.
1264 1169 1312 1217 Osa·

880 1242 919 1290 zio
938 1244 971 1290 A.
985 1241 1016 1290 P.
1034 1249 1082 1303 154
1095 1255 1133 1304 sg.
1153 1240 1185 1288 Si
1197 1239 1313 1304 plausoris
1374 1271 1375 1312 3

882 1329 935 1378 eges
953 1312 1044 1360 aulaea
1060 1313 1196 1368 manentis,
1210 1318 1233 1360 el
1249 1324 1314 1372 usque

881 1383 985 1431 Sessure‘
996 1384 1073 1431 donec
1085 1389 1177 1430 cantor
1188 1388 1242 1430 ‘aas
1250 1382 1313 1444 plau·

881 1455 943 1504 dite'
970 1454 1044 1502 dicat.
1072 1452 1173 1514 Questo
1198 1451 1271 1502 invito
1290 1449 1314 1497 ad

881 1524 1031 1591 applaudite
1049 1521 1111 1589 petel
1131 1540 1184 1572 non
1203 1520 1217 1572 ὲ
1237 1530 1313 1572 stereo-

883 1597 962 1663 tipato
981 1595 1050 1644 nella
1068 1595 1123 1643 sola
1142 1611 1156 1644 e
1183 1595 1260 1660 rigida
1275 1593 1314 1641 for·

882 1668 952 1717 mula
966 1667 1100 1730 plaudite,·
1118 1666 1141 1715 si
1157 1675 1217 1716 nota
1229 1667 1253 1713 in
1269 1678 1315 1711 vece
1375 1711 1376 1726 χ

883 1755 933 1788 una
952 1745 1019 1787 certa
1044 1734 1137 1786 libert&
1162 1737 1230 1787 nella
1246 1736 1315 1785 chiuss

882 1810 950 1860 delle
975 1807 1125 1858 commedie.
1154 1808 1215 1857 Cosi
1238 1808 1315 1856 altrove

883 1881 904 1930 si
923 1882 1020 1930 hanno:
1046 1879 1095 1927 Vas
1114 1880 1200 1929 ualete
1218 1888 1241 1929 et
1254 1877 1316 1942 plau·

884 1954 935 2001 dite
962 1952 1019 2016 (per
1048 1966 1083 1999 es.
1111 1951 1219 2007 Heaut„
1249 1951 1313 2002 Eun„

884 2021 985 2085 Peon),
1002 2021 1171 2086 Spectalares,
1184 2039 1251 2070 nunc
1261 2019 1316 2068 leuis
1376 2059 1377 2082 s

884 2094 979 2143 summi
1008 2108 1085 2141 causa
1116 2093 1188 2142 clare
1222 2091 1317 2156 plaudite

885 2163 979 2229 (Plaut.
998 2161 1112 2227 Ampe),
1135 2165 1257 2228 plausum
1274 2161 1317 2208 date

885 2234 981 2299 (Asia,
1007 2234 1089 2297 Capu,
1102 2233 1193 2300 Ksed),
1207 2234 1269 2282 clare
1283 2229 1317 2277 ad·

382 2312 578 2371 portunamente
596 2305 622 2353 lo
640 2303 771 2364 Dziatzko,
785 2305 831 2354 che
868 2353 873 2362 ,
882 2305 1155 2371 plaudite·(Bacclz.),
1190 2305 1276 2354 Verum
1302 2301 1320 2347 ss'

382 2377 438 2426 sino
451 2378 478 2425 in
491 2378 572 2441 quest'
584 2376 674 2425 ultimo
695 2391 767 2424 verso
781 2376 831 2424 Mi-

886 2377 963 2426 ualts's
975 2376 1132 2440 adplaudere
1151 2384 1229 2440 atque
1243 2375 1318 2438 adpes-

384 2448 458 2497 cione
476 2447 509 2496 he
533 2446 666 2497 occasione
684 2448 711 2495 di
736 2446 773 2495 far
792 2463 832 2497 ve·
887 2451 946 2496 bare
959 2448 1039 2496 Hunc
1055 2463 1159 2512 gregem
1173 2443 1324 2511 etfalulaml
1376 2469 1378 2502 ς

384 2519 443 2568 dere
456 2518 481 2568 la
494 2519 597 2568 mitezza
609 2517 669 2568 dell’
679 2518 765 2567 animo
778 2534 830 2576 suo,
887 2521 915 2568 in
929 2521 1071 2568 crastinum
1080 2535 1126 2566 aas
1141 2535 1204 2567 uoca
1213 2512 1319 2582 (Pseud),
1376 2515 1378 2568 1

384 2596 482 2640 mentre
500 2590 598 2640 Demea
616 2590 643 2638 in
661 2604 729 2648 vece,
741 2605 791 2638 con
808 2590 833 2640 le
883 2590 1002 2655 plaudite
1015 2596 1092 2653 atque
1103 2591 1139 2638 ite
1151 2591 1190 2638 ad
1196 2605 1240 2637 uas
1252 2586 1319 2634 cauis·

383 2662 471 2726 parole
484 2662 513 2709 in
531 2662 594 2711 istac
603 2661 687 2725 finem
695 2661 793 2725 faeiat,
808 2661 834 2709 fa

384 2733 519 2799 tresparire
537 2748 631 2781 ancora
646 2748 681 2781 un
695 2739 762 2782 resto
780 2731 832 2781 del·

888 2668 972 2709 satum
991 2657 1104 2725 (Stich),
1124 2661 1158 2710 ed
1176 2656 1294 2709 altrettali.

1376 2589 1378 2714 l
