2850 4259
505 275 672 320 manutiori

1002 276 1059 320 111

115 405 202 480 Quam
225 412 280 465 uos
301 401 450 465 facillume
473 400 568 481 agitis,
592 420 681 480 quam
704 400 775 463 estis
797 409 937 461 maxume
995 418 1056 479 501

114 494 242 553 Potentes
264 490 341 556 dites
363 492 505 553 fortunati
528 491 654 566 nobiles,

114 583 181 642 Tam
203 561 342 642 maxime
365 601 420 642 uos
442 587 540 659 aequo
562 580 663 642 animo
685 599 782 657 aequa
804 588 930 644 noscere

115 671 239 748 Oportet,
263 669 289 731 si
311 690 366 731 uos
388 670 478 731 uoltis
500 669 652 749 perhiberi
673 671 796 748 probos,

114 759 169 819 DE.
191 761 324 820 Redito:
359 761 433 820 fient
454 765 531 837 quae
553 759 616 819 fieri
639 769 798 836 aequomst
821 757 931 819 omnia.
998 773 1058 834 505

113 850 172 910 HE.
188 851 285 910 Decet
299 859 329 909 te
344 851 451 911 facere.
491 851 577 924 Geta,
594 849 655 909 duc
670 867 719 908 me
734 848 814 908 intro
830 849 869 908 ad
886 850 1058 908 Sostratam.

113 937 168 1000 DE.
185 940 256 999 Non
271 957 321 999 me
333 936 486 999 indicente
501 939 576 999 haec
590 941 687 999 fiunt:
720 937 835 998 utinam
850 935 900 998 hic
914 941 953 996 sit
968 935 1062 996 modo

144 1209 264 1268 50¹·503·
288 1202 371 1265 Quam
387 1202 553 1267 facillume...

112 1288 181 1335 quam
193 1290 337 1325 maxume...
347 1275 415 1323 Tam
427 1290 555 1324 maxume.

113 1343 159 1392 Uso
176 1359 236 1403 raro,
250 1344 318 1396 forse
330 1339 443 1395 derivato
458 1346 491 1394 da
504 1353 554 1396 tra·

52 1473 53 1476 ¹
112 1413 210 1465 duzione
240 1415 355 1467 letterale
400 1417 442 1466 del
478 1432 554 1481 greco

113 1480 183 1549 ὅσῳ...
203 1483 318 1552 τοσούτῳ
337 1488 431 1553 segniti
449 1488 492 1537 dal
513 1505 554 1538 su·

112 1557 225 1621 periativo
244 1557 302 1623 (cir.
316 1560 381 1609 Tuc.
402 1557 426 1618 8,
441 1556 494 1624 84).
509 1560 554 1608 Al·

112 1637 175 1678 trove
192 1630 218 1678 in
235 1631 361 1681 Terenzio
379 1646 482 1681 occorre
504 1647 554 1680 una

112 1699 159 1748 sola
176 1702 242 1750 volta
259 1702 286 1750 in
305 1703 400 1752 Heaut.
424 1713 475 1764 997
501 1718 554 1767 sg.;

111 1787 151 1835 per
167 1772 254 1821 Plauto
273 1772 318 1823 cfr.
337 1774 400 1823 Aul.
422 1773 473 1837 236
498 1790 553 1838 sg.;

111 1842 184 1892 Truc.
207 1855 271 1907 1703
292 1840 417 1894 isoiatod
442 1844 485 1895 nel
509 1862 553 1910 pe-

112 1913 176 1962 riodo
190 1914 294 1965 classico
306 1916 439 1981 l’esempio
452 1916 479 1964 di
492 1916 552 1965 Sall.

112 1984 163 2049 lug.
181 1999 220 2049 31,
237 2000 268 2049 14
286 2003 364 2051 quam
378 1989 486 2051 quisquc
496 1994 553 2051 pes-

111 2057 258 2124 sumeusecit,
272 2065 324 2107 tam
343 2075 463 2107 anaxume
482 2065 554 2107 tutus

111 2133 150 2174 est.
168 2128 188 2176 E
205 2127 333 2194 superfluo
350 2129 405 2178 dire
423 2130 469 2178 che
488 2130 554 2179 l'uso

111 2195 260 2248 ciceroniana
273 2200 381 2250 sarebbe
390 2207 445 2249 ut...
458 2203 496 2249 ita
505 2217 554 2250 con

111 2266 118 2314 i
139 2270 285 2334 superlativi,
305 2288 328 2334 o,
355 2271 488 2320 volendosi
516 2273 554 2321 far

110 2339 199 2403 meglio
227 2342 321 2392 sentire
341 2342 367 2390 la
394 2343 553 2406 gradazione,

110 2425 195 2472 qua...
214 2428 240 2461 ea
261 2428 310 2461 con
334 2414 343 2461 i
371 2414 552 2479 comparativi3

109 2480 194 2544 quindi
206 2484 247 2533 nel
265 2492 352 2533 nostro
371 2499 429 2533 caso
442 2501 492 2548 quo
502 2484 553 2549 fa-

109 2549 201 2602 ciam...
220 2572 270 2619 quo
294 2558 400 2621 magis...
419 2572 446 2604 co
465 2559 553 2621 magis.

112 2647 141 2656 -
158 2626 237 2689 agitis.
256 2626 317 2675 Non
335 2642 364 2676 so
382 2627 427 2675 dar
450 2628 554 2691 ragione

110 2691 157 2742 aiio
173 2695 301 2759 Dziatziro,
320 2698 423 2763 quando
451 2699 553 2748 traduce

110 2761 220 2815 l'intiera
246 2768 312 2819 frase
342 2788 353 2811 ε
384 2776 481 2833 quanto
509 2765 553 2835 piu

111 2833 246 2889 facilmeute
256 2840 297 2888 voi
308 2847 390 2903 potate
391 2838 457 2900 fare
467 2841 554 2906 quello

110 2904 152 2956 che
169 2908 291 2973 rolete1;
311 2926 363 2959 non
382 2926 411 2959 so
429 2928 475 2976 per
488 2912 553 2961 altro

110 2975 184 3042 dargli
197 2987 262 3031 torto
277 2982 380 3048 quando
393 2983 497 3032 afferma
506 2982 553 3032 che

110 3063 157 3097 nou
169 3051 189 3099 si
200 3049 252 3117 pud
264 3053 446 3104 sottintendere
463 3055 552 3104 uitam.

110 3117 149 3169 Ma
166 3137 265 3174 occorre
290 3125 393 3190 proprio
418 3126 552 3175 sottinteu-

109 3189 163 3241 dere
190 3197 279 3252 uitam,
309 3192 402 3262 perche
426 3210 499 3261 agere
527 3195 553 3261 (e

109 3262 156 3313 cosi
164 3262 182 3313 il
194 3281 240 3315 suo
250 3266 436 3332 frequentativo
442 3266 552 3333 agitare)

109 3333 141 3382 sia
158 3337 249 3400 uguale
267 3354 283 3388 a
301 3340 397 3396 uiuere,
416 3339 497 3387 uitam
523 3356 551 3386 a·

107 3413 180 3468 gere)
191 3408 242 3457 Cir.
253 3409 429 3474 l’espressione
442 3425 552 3460 comune

109 3478 167 3537 quid
181 3482 256 3543 agis)
278 3496 351 3529 come
376 3482 443 3530 staii
468 3480 551 3530 Simil-

108 3559 187 3598 mente
204 3551 264 3601 Sall.
283 3554 342 3617 sug.
363 3562 403 3616 55,
424 3564 439 3601 2
462 3553 552 3600 civitas

108 3621 200 3681 trepida
212 3630 287 3672 antea
297 3630 322 3671 et
332 3623 441 3673 sollicita
450 3624 481 3672 de
493 3623 553 3672 belli

608 1210 702 1253 euentu
731 1203 807 1252 laeta
822 1216 897 1267 agere
919 1198 977 1264 (sel.
1002 1216 1063 1260 esse,

607 1273 722 1340 νὶωνὸς
742 1274 786 1324 cfr.
806 1287 899 1322 ancora
916 1272 975 1321 ibid.
990 1281 1004 1333 7
1025 1272 1063 1319 di-

607 1346 680 1394 vorsi
702 1346 811 1411 agebant
834 1341 892 1409 (qui
917 1349 1063 1393 veramente

608 1416 732 1481 aggiunta
756 1416 773 1463 l'
784 1416 842 1465 idea
872 1413 931 1464 dell'
943 1411 1043 1478 acione)
1053 1427 1060 1473 ;

608 1488 670 1538 Tac.
696 1481 771 1537 Amn.¹
794 1500 819 1551 3,
845 1485 898 1552 383
922 1487 994 1535 Porc.
1019 1485 1062 1533 Li-

609 1558 675 1619 cino,
697 1558 767 1609 nelia
784 1558 845 1607 Vita
864 1557 1013 1607 suetoniana
1037 1557 1064 1605 di

608 1631 748 1682 Terenzio:
768 1630 821 1679 Nil
834 1629 943 1678 Publius
957 1625 963 1691 Ι
979 1628 1064 1692 Scipio

604 1699 727 1766 proficit,
755 1702 796 1750 nil
822 1701 863 1750 illi
888 1700 1000 1758 Laelius,
1025 1700 1067 1748 nil

609 1774 719 1831 Furius,
736 1771 740 1834 Ι
760 1774 823 1821 Tres
838 1780 888 1835 per
912 1772 942 1819 id
965 1777 1063 1834 tempus

610 1845 656 1907 qui
670 1845 805 1909 agitabant
816 1843 910 1891 nabiles
914 1842 1062 1906 facillume.

609 1940 642 1950 -
656 1931 774 1963 noscere:
793 1921 941 1980 pregnante,
955 1928 1027 1961 come
1044 1913 1063 1961 il

608 2001 646 2050 gr.
672 1980 846 2050 yayvaioncm:
872 2005 884 2028 ι
905 1985 1063 2033 riconoscere

609 2073 623 2106 e
645 2056 769 2122 prendere
793 2074 808 2105 a
833 2072 916 2114 cuore,
939 2056 1063 2120 praticare

609 2129 696 2193 quello
722 2129 769 2178 che
796 2125 810 2176 ὲ
838 2128 922 2192 giusto
953 2145 974 2174 ι.
1010 2125 1062 2176 Cir.

609 2200 705 2248 Heaut.
717 2199 769 2260 642
781 2202 828 2264 qui
838 2215 919 2262 meque
932 2199 973 2246 ius
983 2214 1064 2260 neque

609 2272 701 2320 bonum
720 2278 798 2334 atque
816 2286 921 2334 aequam
939 2270 1033 2319 sciant.

648 2351 707 2405 504.
724 2343 856 2406 perhiberi
872 2360 908 2380 =
920 2341 978 2398 dici,
990 2355 1063 2389 come

608 2429 695 2478 spesso
715 2413 741 2461 in
759 2414 859 2462 Plauto

645 2494 704 2548 505.
723 2485 820 2533 Redito.
839 2484 938 2533 Demea
956 2482 995 2531 siu
1019 2497 1063 2531 ora

608 2570 660 2603 non
679 2554 711 2603 ha
736 2563 827 2620 suputo
852 2554 969 2603 decidere
992 2553 1063 2602 nulla

608 2624 665 2690 (cfr.
684 2643 708 2674 v.
729 2624 813 2691 499);
832 2642 877 2691 per
895 2621 936 2673 cio
953 2624 1062 2688 Egione,

608 2697 676 2762 dopo
695 2714 768 2748 avere
781 2714 854 2764 spese
868 2697 892 2745 le
911 2711 956 2745 sue
971 2695 1062 2744 ultime

608 2764 653 2833 piir
672 2768 771 2818 efficaci
790 2786 804 2819 e
827 2767 999 2819 commoventi
1018 2783 1062 2832 pa·

608 2839 661 2888 roie
685 2840 713 2888 in
738 2840 820 2890 difesa
843 2839 911 2889 della
932 2837 1061 2900 fanciulla,

609 2910 634 2959 ia
653 2927 699 2977 per
717 2911 834 2976 dirigersi
860 2926 931 2960 verso
956 2910 981 2958 ia
1005 2925 1063 2958 casa

608 2981 634 3030 di
653 2981 773 3032 Sostrata.
792 2982 891 3033 Demea
912 2981 1018 3046 dunque
1036 2981 1062 3029 lo

607 3052 714 3113 chiama,
732 3071 746 3103 e
764 3053 801 3118 gii
820 3060 945 3119 promette
963 3052 989 3101 di
1008 3051 1062 3101 fare

607 3131 673 3173 tutto
692 3126 780 3190 quello
799 3126 846 3175 che
859 3123 982 3173 conviene
1001 3122 1063 3172 iare.

644 3196 704 3259 506.
724 3196 790 3246 Geta
808 3195 941 3245 introduce
962 3194 1062 3258 Egione

608 3267 635 3315 in
655 3283 713 3316 casa
731 3268 757 3317 di
777 3267 897 3317 Sostrata,

643 3348 702 3402 507.
714 3355 752 3387 me
761 3339 898 3396 indicente,
909 3353 983 3387 senza
995 3337 1063 3385 ch’io

606 3408 632 3457 io
650 3410 751 3460 dicessi.
771 3410 809 3459 La
828 3409 959 3474 perticella
984 3423 1060 3472 nega·

606 3481 656 3532 tiva
674 3482 715 3529 in·
735 3489 806 3530 entra
823 3481 851 3529 in
873 3479 1061 3544 composizioue

605 3567 654 3601 con
680 3552 809 3616 aggefflvi,
835 3569 857 3610 e4
883 3566 932 3599 con
954 3551 963 3599 i
982 3550 1060 3612 verbi,

607 3624 663 3674 solo
682 3625 725 3673 nei
743 3623 884 3689 participii3
908 3622 953 3672 cir.
981 3621 1061 3675 Phor.
