<?xml version="1.0" encoding="UTF-8"?>
<!DOCTYPE html PUBLIC "-//W3C//DTD XHTML 1.0 Transitional//EN"
    "http://www.w3.org/TR/xhtml1/DTD/xhtml1-transitional.dtd">
<html xmlns="http://www.w3.org/1999/xhtml" xml:lang="en" lang="en">
 <head>
  <title>
</title>
<meta http-equiv="Content-Type" content="text/html;charset=utf-8" />
  <meta name='ocr-system' content='tesseract 3.04.00' />
  <meta name='ocr-capabilities' content='ocr_page ocr_carea ocr_par ocr_line ocrx_word'/>
</head>
<body>
  <div class='ocr_page' id='page_1' title='image "./pterentiafriade00cupagoog_0166.png"; bbox 0 0 2850 4259; ppageno 0'>
   <div class='ocr_carea' id='block_1_1' title="bbox 910 338 2024 383">
    <p class='ocr_par' dir='ltr' id='par_1_1' title="bbox 910 338 2024 383">
     <span class='ocr_line' id='line_1_1' title="bbox 910 338 2024 383; baseline 0 -1"><span class='ocrx_word' id='word_1_1' title='bbox 910 338 1244 382; x_wconf 77' lang='lat' dir='ltr'>ADELPHOE</span> <span class='ocrx_word' id='word_1_2' title='bbox 1950 343 1982 383; x_wconf 82' lang='lat'>2</span> <span class='ocrx_word' id='word_1_3' title='bbox 1998 343 2024 382; x_wconf 92' lang='lat'>1</span> 
     </span>
    </p>
   </div>
   <div class='ocr_carea' id='block_1_2' title="bbox 164 463 2042 1076">
    <p class='ocr_par' dir='ltr' id='par_1_2' title="bbox 166 463 1848 546">
     <span class='ocr_line' id='line_1_2' title="bbox 166 463 1848 546; baseline -0.001 -18"><span class='ocrx_word' id='word_1_4' title='bbox 166 467 363 546; x_wconf 62' lang='lat' dir='ltr'><strong>Quibus</strong></span> <span class='ocrx_word' id='word_1_5' title='bbox 401 474 558 530; x_wconf 80' lang='lat' dir='ltr'><strong>minc</strong></span> <span class='ocrx_word' id='word_1_6' title='bbox 603 463 887 527; x_wconf 86' lang='lat' dir='ltr'><strong>sollicitor</strong></span> <span class='ocrx_word' id='word_1_7' title='bbox 931 464 1151 527; x_wconf 74' lang='lat' dir='ltr'><strong>rebus!</strong></span> <span class='ocrx_word' id='word_1_8' title='bbox 1231 484 1307 525; x_wconf 93' lang='lat' dir='ltr'><strong>ne</strong></span> <span class='ocrx_word' id='word_1_9' title='bbox 1355 474 1459 525; x_wconf 82' lang='lat' dir='ltr'><strong>aut</strong></span> <span class='ocrx_word' id='word_1_10' title='bbox 1500 464 1602 526; x_wconf 92' lang='lat' dir='ltr'><strong>ille</strong></span> <span class='ocrx_word' id='word_1_11' title='bbox 1646 464 1848 527; x_wconf 68' lang='lat' dir='ltr'><strong>alserit</strong></span> 
     </span>
    </p>

    <p class='ocr_par' dir='ltr' id='par_1_3' title="bbox 165 554 1423 636">
     <span class='ocr_line' id='line_1_3' title="bbox 165 554 1423 636; baseline -0.003 -18"><span class='ocrx_word' id='word_1_12' title='bbox 165 562 265 618; x_wconf 93' lang='lat' dir='ltr'><strong>Aut</strong></span> <span class='ocrx_word' id='word_1_13' title='bbox 303 558 517 636; x_wconf 80' lang='lat' dir='ltr'><strong>uspiam</strong></span> <span class='ocrx_word' id='word_1_14' title='bbox 566 554 851 619; x_wconf 73' lang='lat' dir='ltr'>ceciderit</span> <span class='ocrx_word' id='word_1_15' title='bbox 894 566 998 615; x_wconf 87' lang='lat' dir='ltr'><strong>aut</strong></span> <span class='ocrx_word' id='word_1_16' title='bbox 1043 555 1423 634; x_wconf 65' lang='lat' dir='ltr'><strong>praefregerit</strong></span> 
     </span>
    </p>

    <p class='ocr_par' dir='ltr' id='par_1_4' title="bbox 165 642 2037 794">
     <span class='ocr_line' id='line_1_4' title="bbox 165 642 2037 725; baseline -0.001 -20"><span class='ocrx_word' id='word_1_17' title='bbox 165 645 390 725; x_wconf 74' lang='lat' dir='ltr'><strong>Aliquid.</strong></span> <span class='ocrx_word' id='word_1_18' title='bbox 457 648 610 720; x_wconf 84' lang='lat' dir='ltr'>Vah,</span> <span class='ocrx_word' id='word_1_19' title='bbox 648 663 1089 722; x_wconf 86' lang='lat' dir='ltr'>quemquamne</span> <span class='ocrx_word' id='word_1_20' title='bbox 1129 642 1438 704; x_wconf 85' lang='lat' dir='ltr'><strong>hominem</strong></span> <span class='ocrx_word' id='word_1_21' title='bbox 1486 643 1548 704; x_wconf 89' lang='lat' dir='ltr'><strong>in</strong></span> <span class='ocrx_word' id='word_1_22' title='bbox 1577 644 1841 705; x_wconf 86' lang='lat' dir='ltr'><strong>animum</strong></span> <span class='ocrx_word' id='word_1_23' title='bbox 1873 643 2037 705; x_wconf 72' lang='lat' dir='ltr'><strong>insti-</strong></span> 
     </span>
     <span class='ocr_line' id='line_1_5' title="bbox 1014 744 1181 794; baseline 0 0"><span class='ocrx_word' id='word_1_24' title='bbox 1014 744 1181 794; x_wconf 87' lang='lat' dir='ltr'><strong>tuere</strong></span> 
     </span>
    </p>

    <p class='ocr_par' dir='ltr' id='par_1_5' title="bbox 164 821 1645 904">
     <span class='ocr_line' id='line_1_6' title="bbox 164 821 1645 904; baseline 0.001 -21"><span class='ocrx_word' id='word_1_25' title='bbox 164 827 340 886; x_wconf 69' lang='lat' dir='ltr'><strong>Parare</strong></span> <span class='ocrx_word' id='word_1_26' title='bbox 385 824 548 904; x_wconf 90' lang='lat' dir='ltr'><strong>quod</strong></span> <span class='ocrx_word' id='word_1_27' title='bbox 596 823 671 884; x_wconf 89' lang='lat' dir='ltr'><strong>sit</strong></span> <span class='ocrx_word' id='word_1_28' title='bbox 715 822 908 885; x_wconf 68' lang='lat' dir='ltr'><strong>carius</strong></span> <span class='ocrx_word' id='word_1_29' title='bbox 954 842 1133 901; x_wconf 88' lang='lat' dir='ltr'><strong>quam</strong></span> <span class='ocrx_word' id='word_1_30' title='bbox 1179 821 1307 901; x_wconf 84' lang='lat' dir='ltr'><strong>ipse</strong></span> <span class='ocrx_word' id='word_1_31' title='bbox 1354 829 1444 883; x_wconf 75' lang='lat' dir='ltr'><strong>est</strong></span> <span class='ocrx_word' id='word_1_32' title='bbox 1489 822 1645 885; x_wconf 88' lang='lat' dir='ltr'><strong>sibil</strong></span> 
     </span>
    </p>

    <p class='ocr_par' dir='ltr' id='par_1_6' title="bbox 166 911 2042 1076">
     <span class='ocr_line' id='line_1_7' title="bbox 166 911 2042 992; baseline -0.001 -19"><span class='ocrx_word' id='word_1_33' title='bbox 166 917 331 992; x_wconf 90' lang='lat' dir='ltr'><strong>Atque</strong></span> <span class='ocrx_word' id='word_1_34' title='bbox 374 920 444 975; x_wconf 75' lang='lat' dir='ltr'><strong>ex</strong></span> <span class='ocrx_word' id='word_1_35' title='bbox 489 933 589 974; x_wconf 89' lang='lat' dir='ltr'><strong>me</strong></span> <span class='ocrx_word' id='word_1_36' title='bbox 656 911 755 974; x_wconf 89' lang='lat' dir='ltr'><strong>hic</strong></span> <span class='ocrx_word' id='word_1_37' title='bbox 813 925 988 973; x_wconf 86' lang='lat' dir='ltr'><strong>natus</strong></span> <span class='ocrx_word' id='word_1_38' title='bbox 1044 921 1169 973; x_wconf 85' lang='lat' dir='ltr'><strong>non</strong></span> <span class='ocrx_word' id='word_1_39' title='bbox 1233 922 1341 987; x_wconf 88' lang='lat' dir='ltr'><strong>est,</strong></span> <span class='ocrx_word' id='word_1_40' title='bbox 1407 912 1514 972; x_wconf 89' lang='lat' dir='ltr'><strong>sed</strong></span> <span class='ocrx_word' id='word_1_41' title='bbox 1582 915 1655 973; x_wconf 74' lang='grc' dir='ltr'><strong>ἔκ</strong></span> <span class='ocrx_word' id='word_1_42' title='bbox 1714 915 1890 974; x_wconf 82' lang='lat' dir='ltr'><strong>fratre</strong></span> <span class='ocrx_word' id='word_1_43' title='bbox 1953 918 2042 973; x_wconf 76' lang='lat' dir='ltr'><strong>est</strong></span> 
     </span>
     <span class='ocr_line' id='line_1_8' title="bbox 1017 1022 2041 1076; baseline 0 -14"><span class='ocrx_word' id='word_1_44' title='bbox 1017 1022 1173 1064; x_wconf 83' lang='lat' dir='ltr'><em>mee.</em></span> <span class='ocrx_word' id='word_1_45' title='bbox 1731 1060 1738 1064; x_wconf 70' lang='grc'>,</span> <span class='ocrx_word' id='word_1_46' title='bbox 1958 1023 2041 1076; x_wconf 89' lang='lat'><strong>40</strong></span> 
     </span>
    </p>
   </div>
   <div class='ocr_carea' id='block_1_3' title="bbox 124 1338 1069 3749">
    <p class='ocr_par' dir='ltr' id='par_1_7' title="bbox 173 1338 1044 1886">
     <span class='ocr_line' id='line_1_9' title="bbox 227 1338 1037 1404; baseline 0.002 -17"><span class='ocrx_word' id='word_1_47' title='bbox 227 1338 297 1401; x_wconf 88' lang='lat'><strong>36.</strong></span> <span class='ocrx_word' id='word_1_48' title='bbox 331 1340 512 1402; x_wconf 85' lang='lat' dir='ltr'><em>quibus</em></span> <span class='ocrx_word' id='word_1_49' title='bbox 549 1355 708 1397; x_wconf 84' lang='lat' dir='ltr'><strong>nunc,</strong></span> <span class='ocrx_word' id='word_1_50' title='bbox 759 1345 1037 1404; x_wconf 82' lang='lat' dir='ltr'><strong>anapest03</strong></span> 
     </span>
     <span class='ocr_line' id='line_1_10' title="bbox 174 1405 1039 1475; baseline 0.001 -18"><span class='ocrx_word' id='word_1_51' title='bbox 174 1426 221 1457; x_wconf 84' lang='lat' dir='ltr'><strong>us</strong></span> <span class='ocrx_word' id='word_1_52' title='bbox 253 1405 277 1458; x_wconf 73' lang='grc' dir='ltr'>ὲ</span> <span class='ocrx_word' id='word_1_53' title='bbox 308 1410 452 1459; x_wconf 83' lang='lat' dir='ltr'><strong>breve</strong></span> <span class='ocrx_word' id='word_1_54' title='bbox 484 1410 645 1459; x_wconf 84' lang='lat' dir='ltr'><strong>anche</strong></span> <span class='ocrx_word' id='word_1_55' title='bbox 683 1426 774 1475; x_wconf 88' lang='lat' dir='ltr'><strong>per</strong></span> <span class='ocrx_word' id='word_1_56' title='bbox 802 1410 852 1458; x_wconf 86' lang='lat' dir='ltr'><strong>la</strong></span> <span class='ocrx_word' id='word_1_57' title='bbox 888 1409 1039 1474; x_wconf 87' lang='lat' dir='ltr'><em>legge</em></span> 
     </span>
     <span class='ocr_line' id='line_1_11' title="bbox 174 1480 1036 1546; baseline 0.002 -19"><span class='ocrx_word' id='word_1_58' title='bbox 174 1480 282 1530; x_wconf 87' lang='lat' dir='ltr'><em>delle</em></span> <span class='ocrx_word' id='word_1_59' title='bbox 306 1482 472 1546; x_wconf 85' lang='lat' dir='ltr'><strong>parole</strong></span> <span class='ocrx_word' id='word_1_60' title='bbox 498 1481 805 1546; x_wconf 87' lang='lat' dir='ltr'><strong>giambiche.</strong></span> <span class='ocrx_word' id='word_1_61' title='bbox 831 1507 893 1516; x_wconf 88' lang='lat'>-</span> <span class='ocrx_word' id='word_1_62' title='bbox 924 1498 1036 1531; x_wconf 88' lang='lat' dir='ltr'><em>ne...</em></span> 
     </span>
     <span class='ocr_line' id='line_1_12' title="bbox 173 1552 1039 1616; baseline 0.002 -19"><span class='ocrx_word' id='word_1_63' title='bbox 173 1552 406 1601; x_wconf 82' lang='lat' dir='ltr'><strong>alserit=</strong></span> <span class='ocrx_word' id='word_1_64' title='bbox 423 1553 499 1601; x_wconf 76' lang='lat' dir='ltr'><strong>ch·</strong></span> <span class='ocrx_word' id='word_1_65' title='bbox 518 1552 621 1616; x_wconf 88' lang='lat' dir='ltr'><strong>egli</strong></span> <span class='ocrx_word' id='word_1_66' title='bbox 647 1568 752 1601; x_wconf 90' lang='lat' dir='ltr'><strong>non</strong></span> <span class='ocrx_word' id='word_1_67' title='bbox 780 1553 822 1600; x_wconf 91' lang='lat' dir='ltr'><strong>si</strong></span> <span class='ocrx_word' id='word_1_68' title='bbox 844 1552 917 1602; x_wconf 86' lang='lat' dir='ltr'><strong>sia</strong></span> <span class='ocrx_word' id='word_1_69' title='bbox 943 1552 1039 1600; x_wconf 89' lang='lat' dir='ltr'>raf-</span> 
     </span>
     <span class='ocr_line' id='line_1_13' title="bbox 175 1621 1040 1674; baseline 0.005 -6"><span class='ocrx_word' id='word_1_70' title='bbox 175 1621 382 1672; x_wconf 82' lang='lat' dir='ltr'><strong>freddato.</strong></span> <span class='ocrx_word' id='word_1_71' title='bbox 412 1622 515 1673; x_wconf 90' lang='lat' dir='ltr'><strong>Cfr.</strong></span> <span class='ocrx_word' id='word_1_72' title='bbox 543 1624 709 1674; x_wconf 82' lang='lat' dir='ltr'><strong>Plaut.</strong></span> <span class='ocrx_word' id='word_1_73' title='bbox 735 1624 892 1673; x_wconf 81' lang='lat' dir='ltr'><em>Most.</em></span> <span class='ocrx_word' id='word_1_74' title='bbox 926 1621 1040 1672; x_wconf 89' lang='lat'>188.</span> 
     </span>
     <span class='ocr_line' id='line_1_14' title="bbox 176 1691 1043 1744; baseline 0.002 -4"><span class='ocrx_word' id='word_1_75' title='bbox 176 1693 397 1744; x_wconf 85' lang='lat' dir='ltr'><em>Sollicitor</em></span> <span class='ocrx_word' id='word_1_76' title='bbox 433 1691 462 1743; x_wconf 72' lang='grc' dir='ltr'>ὲ</span> <span class='ocrx_word' id='word_1_77' title='bbox 498 1698 742 1744; x_wconf 88' lang='lat' dir='ltr'><strong>costruito</strong></span> <span class='ocrx_word' id='word_1_78' title='bbox 779 1710 926 1744; x_wconf 86' lang='lat' dir='ltr'><strong>come</strong></span> <span class='ocrx_word' id='word_1_79' title='bbox 972 1710 1043 1742; x_wconf 90' lang='lat' dir='ltr'><strong>un</strong></span> 
     </span>
     <span class='ocr_line' id='line_1_15' title="bbox 173 1766 1044 1832; baseline 0.005 -22"><span class='ocrx_word' id='word_1_80' title='bbox 173 1767 351 1814; x_wconf 82' lang='lat' dir='ltr'><em>verbum</em></span> <span class='ocrx_word' id='word_1_81' title='bbox 408 1768 637 1825; x_wconf 84' lang='lat' dir='ltr'><em>timendi,</em></span> <span class='ocrx_word' id='word_1_82' title='bbox 701 1766 847 1832; x_wconf 86' lang='lat' dir='ltr'><strong>quasi</strong></span> <span class='ocrx_word' id='word_1_83' title='bbox 909 1766 1044 1815; x_wconf 82' lang='lat' dir='ltr'><strong>fosse</strong></span> 
     </span>
     <span class='ocr_line' id='line_1_16' title="bbox 175 1835 688 1886; baseline 0.008 -4"><span class='ocrx_word' id='word_1_84' title='bbox 175 1835 389 1886; x_wconf 81' lang='lat' dir='ltr'><em>sollicitus</em></span> <span class='ocrx_word' id='word_1_85' title='bbox 420 1853 536 1886; x_wconf 89' lang='lat' dir='ltr'><strong>sum</strong></span> <span class='ocrx_word' id='word_1_86' title='bbox 575 1853 688 1886; x_wconf 84' lang='lat' dir='ltr'><em>ne...</em></span> 
     </span>
    </p>

    <p class='ocr_par' dir='ltr' id='par_1_8' title="bbox 177 1907 1050 2398">
     <span class='ocr_line' id='line_1_17' title="bbox 234 1907 1046 1969; baseline 0 -13"><span class='ocrx_word' id='word_1_87' title='bbox 234 1917 306 1969; x_wconf 90' lang='lat'><strong>37.</strong></span> <span class='ocrx_word' id='word_1_88' title='bbox 365 1909 598 1958; x_wconf 83' lang='lat' dir='ltr'><em>ceciderit</em></span> <span class='ocrx_word' id='word_1_89' title='bbox 661 1907 781 1958; x_wconf 86' lang='lat' dir='ltr'><strong>nell’</strong></span> <span class='ocrx_word' id='word_1_90' title='bbox 810 1908 1046 1957; x_wconf 88' lang='lat' dir='ltr'><strong>ubbriac-</strong></span> 
     </span>
     <span class='ocr_line' id='line_1_18' title="bbox 177 1976 1048 2045; baseline 0.003 -21"><span class='ocrx_word' id='word_1_91' title='bbox 177 1976 338 2027; x_wconf 86' lang='lat' dir='ltr'><strong>chezza.</strong></span> <span class='ocrx_word' id='word_1_92' title='bbox 376 2007 441 2018; x_wconf 90' lang='lat'><strong>—-</strong></span> <span class='ocrx_word' id='word_1_93' title='bbox 480 1979 838 2045; x_wconf 67' lang='lat' dir='ltr'><em>praefregerit</em></span> <span class='ocrx_word' id='word_1_94' title='bbox 851 1998 874 2038; x_wconf 83' lang='lat'><strong>,·</strong></span> <span class='ocrx_word' id='word_1_95' title='bbox 914 1987 1048 2043; x_wconf 79' lang='lat' dir='ltr'><em>prae</em></span> 
     </span>
     <span class='ocr_line' id='line_1_19' title="bbox 178 2045 1048 2117; baseline 0.001 -21"><span class='ocrx_word' id='word_1_96' title='bbox 178 2068 233 2088; x_wconf 91' lang='lat'>=</span> <span class='ocrx_word' id='word_1_97' title='bbox 262 2049 312 2097; x_wconf 85' lang='lat' dir='ltr'><strong>in</strong></span> <span class='ocrx_word' id='word_1_98' title='bbox 355 2051 613 2101; x_wconf 84' lang='lat' dir='ltr'><em>anteriore</em></span> <span class='ocrx_word' id='word_1_99' title='bbox 652 2057 824 2114; x_wconf 82' lang='lat' dir='ltr'><em>parte,</em></span> <span class='ocrx_word' id='word_1_100' title='bbox 861 2045 1048 2117; x_wconf 66' lang='lat' dir='ltr'><strong>perche</strong></span> 
     </span>
     <span class='ocr_line' id='line_1_20' title="bbox 179 2117 1050 2172; baseline 0.003 -6"><span class='ocrx_word' id='word_1_101' title='bbox 179 2117 212 2166; x_wconf 90' lang='lat' dir='ltr'><strong>si</strong></span> <span class='ocrx_word' id='word_1_102' title='bbox 242 2136 447 2172; x_wconf 84' lang='lat' dir='ltr'><strong>accenna</strong></span> <span class='ocrx_word' id='word_1_103' title='bbox 482 2120 583 2172; x_wconf 83' lang='lat' dir='ltr'><strong>alle</strong></span> <span class='ocrx_word' id='word_1_104' title='bbox 619 2121 821 2170; x_wconf 86' lang='lat' dir='ltr'><strong>braccia</strong></span> <span class='ocrx_word' id='word_1_105' title='bbox 871 2139 900 2172; x_wconf 90' lang='lat' dir='ltr'><em>e</em></span> <span class='ocrx_word' id='word_1_106' title='bbox 949 2121 1050 2171; x_wconf 86' lang='lat' dir='ltr'><strong>alle</strong></span> 
     </span>
     <span class='ocr_line' id='line_1_21' title="bbox 179 2192 1046 2259; baseline 0.004 -21"><span class='ocrx_word' id='word_1_107' title='bbox 179 2193 349 2252; x_wconf 85' lang='lat' dir='ltr'><em>gambe.</em></span> <span class='ocrx_word' id='word_1_108' title='bbox 385 2194 489 2244; x_wconf 88' lang='lat' dir='ltr'><strong>Cfr.</strong></span> <span class='ocrx_word' id='word_1_109' title='bbox 528 2209 621 2259; x_wconf 87' lang='lat' dir='ltr'><strong>per</strong></span> <span class='ocrx_word' id='word_1_110' title='bbox 658 2192 816 2241; x_wconf 86' lang='lat' dir='ltr'><strong>simili</strong></span> <span class='ocrx_word' id='word_1_111' title='bbox 855 2209 1046 2258; x_wconf 86' lang='lat' dir='ltr'><strong>espres-</strong></span> 
     </span>
     <span class='ocr_line' id='line_1_22' title="bbox 180 2261 1047 2329; baseline 0.005 -21"><span class='ocrx_word' id='word_1_112' title='bbox 180 2261 286 2312; x_wconf 87' lang='lat' dir='ltr'><strong>sioni</strong></span> <span class='ocrx_word' id='word_1_113' title='bbox 316 2265 475 2315; x_wconf 88' lang='lat' dir='ltr'><strong>Plaut.</strong></span> <span class='ocrx_word' id='word_1_114' title='bbox 516 2265 637 2313; x_wconf 88' lang='lat' dir='ltr'><strong>Mil</strong></span> <span class='ocrx_word' id='word_1_115' title='bbox 673 2274 773 2328; x_wconf 92' lang='lat'><strong>719</strong></span> <span class='ocrx_word' id='word_1_116' title='bbox 800 2280 910 2329; x_wconf 88' lang='lat' dir='ltr'><strong>sgg.</strong></span> <span class='ocrx_word' id='word_1_117' title='bbox 941 2264 1047 2317; x_wconf 85' lang='lat' dir='ltr'><strong>Cfr.</strong></span> 
     </span>
     <span class='ocr_line' id='line_1_23' title="bbox 181 2333 428 2398; baseline 0.03 -19"><span class='ocrx_word' id='word_1_118' title='bbox 181 2333 290 2398; x_wconf 86' lang='lat' dir='ltr'><strong>App.</strong></span> <span class='ocrx_word' id='word_1_119' title='bbox 325 2337 428 2387; x_wconf 87' lang='lat' dir='ltr'><strong>crit.</strong></span> 
     </span>
    </p>

    <p class='ocr_par' dir='ltr' id='par_1_9' title="bbox 124 2404 1069 3768">
     <span class='ocr_line' id='line_1_24' title="bbox 237 2404 1059 2472; baseline 0.001 -18"><span class='ocrx_word' id='word_1_120' title='bbox 237 2404 308 2468; x_wconf 86' lang='lat'><strong>38.</strong></span> <span class='ocrx_word' id='word_1_121' title='bbox 334 2408 580 2472; x_wconf 83' lang='lat' dir='ltr'><strong>Aliquid:</strong></span> <span class='ocrx_word' id='word_1_122' title='bbox 618 2406 815 2457; x_wconf 87' lang='lat' dir='ltr'><strong>intendi</strong></span> <span class='ocrx_word' id='word_1_123' title='bbox 839 2405 1059 2470; x_wconf 84' lang='lat' dir='ltr'><em>aliquod</em></span> 
     </span>
     <span class='ocr_line' id='line_1_25' title="bbox 183 2477 1050 2543; baseline 0.004 -21"><span class='ocrx_word' id='word_1_124' title='bbox 183 2479 444 2539; x_wconf 82' lang='lat' dir='ltr'><em>membrum,</em></span> <span class='ocrx_word' id='word_1_125' title='bbox 463 2495 492 2528; x_wconf 90' lang='lat' dir='ltr'><em>e</em></span> <span class='ocrx_word' id='word_1_126' title='bbox 512 2477 783 2528; x_wconf 87' lang='lat' dir='ltr'><strong>riferiscilo</strong></span> <span class='ocrx_word' id='word_1_127' title='bbox 801 2494 830 2526; x_wconf 90' lang='lat' dir='ltr'>a</span> <span class='ocrx_word' id='word_1_128' title='bbox 841 2477 1050 2543; x_wconf 70' lang='lat' dir='ltr'><em>praefr.</em></span> 
     </span>
     <span class='ocr_line' id='line_1_26' title="bbox 182 2548 1054 2616; baseline 0.002 -21"><span class='ocrx_word' id='word_1_129' title='bbox 182 2548 261 2596; x_wconf 84' lang='lat' dir='ltr'><strong>Per</strong></span> <span class='ocrx_word' id='word_1_130' title='bbox 290 2565 383 2598; x_wconf 86' lang='lat' dir='ltr'><strong>una</strong></span> <span class='ocrx_word' id='word_1_131' title='bbox 441 2549 701 2616; x_wconf 87' lang='lat' dir='ltr'><strong>posizione</strong></span> <span class='ocrx_word' id='word_1_132' title='bbox 751 2550 919 2598; x_wconf 88' lang='lat' dir='ltr'><strong>simile</strong></span> <span class='ocrx_word' id='word_1_133' title='bbox 968 2548 1054 2597; x_wconf 84' lang='lat' dir='ltr'><strong>dcl</strong></span> 
     </span>
     <span class='ocr_line' id='line_1_27' title="bbox 184 2618 1055 2685; baseline 0.003 -21"><span class='ocrx_word' id='word_1_134' title='bbox 184 2620 544 2684; x_wconf 81' lang='lat' dir='ltr'><strong>complementO,</strong></span> <span class='ocrx_word' id='word_1_135' title='bbox 579 2620 669 2669; x_wconf 85' lang='lat' dir='ltr'><strong>cfr.</strong></span> <span class='ocrx_word' id='word_1_136' title='bbox 696 2637 774 2669; x_wconf 88' lang='lat' dir='ltr'><strong>vv.</strong></span> <span class='ocrx_word' id='word_1_137' title='bbox 809 2630 923 2685; x_wconf 85' lang='lat'>150,</span> <span class='ocrx_word' id='word_1_138' title='bbox 951 2618 1055 2683; x_wconf 85' lang='lat'><strong>360</strong></span> 
     </span>
     <span class='ocr_line' id='line_1_28' title="bbox 183 2684 1052 2756; baseline 0.007 -22"><span class='ocrx_word' id='word_1_139' title='bbox 183 2684 390 2753; x_wconf 85' lang='lat' dir='ltr'><strong>(aliquid,</strong></span> <span class='ocrx_word' id='word_1_140' title='bbox 427 2693 647 2756; x_wconf 85' lang='lat' dir='ltr'><strong>aliquo),</strong></span> <span class='ocrx_word' id='word_1_141' title='bbox 699 2690 782 2754; x_wconf 88' lang='lat'><strong>89,</strong></span> <span class='ocrx_word' id='word_1_142' title='bbox 834 2707 934 2740; x_wconf 87' lang='lat' dir='ltr'><strong>ecc.</strong></span> <span class='ocrx_word' id='word_1_143' title='bbox 986 2716 1052 2725; x_wconf 90' lang='lat'>-</span> 
     </span>
     <span class='ocr_line' id='line_1_29' title="bbox 187 2761 1055 2822; baseline 0.002 -14"><span class='ocrx_word' id='word_1_144' title='bbox 187 2761 305 2812; x_wconf 75' lang='lat' dir='ltr'><strong>ualc:</strong></span> <span class='ocrx_word' id='word_1_145' title='bbox 348 2765 430 2811; x_wconf 88' lang='lat' dir='ltr'><strong>un’</strong></span> <span class='ocrx_word' id='word_1_146' title='bbox 453 2763 799 2822; x_wconf 87' lang='lat' dir='ltr'><strong>interiezione,</strong></span> <span class='ocrx_word' id='word_1_147' title='bbox 845 2763 938 2812; x_wconf 89' lang='lat' dir='ltr'><strong>che</strong></span> <span class='ocrx_word' id='word_1_148' title='bbox 988 2761 1055 2810; x_wconf 90' lang='lat' dir='ltr'><strong>ri-</strong></span> 
     </span>
     <span class='ocr_line' id='line_1_30' title="bbox 187 2833 1058 2899; baseline 0.007 -23"><span class='ocrx_word' id='word_1_149' title='bbox 187 2843 301 2881; x_wconf 90' lang='lat' dir='ltr'><strong>corre</strong></span> <span class='ocrx_word' id='word_1_150' title='bbox 333 2849 506 2899; x_wconf 87' lang='lat' dir='ltr'><strong>spesso</strong></span> <span class='ocrx_word' id='word_1_151' title='bbox 532 2834 588 2882; x_wconf 89' lang='lat' dir='ltr'><strong>in</strong></span> <span class='ocrx_word' id='word_1_152' title='bbox 613 2833 877 2896; x_wconf 88' lang='lat' dir='ltr'><strong>Terenzi0,</strong></span> <span class='ocrx_word' id='word_1_153' title='bbox 906 2850 934 2883; x_wconf 91' lang='lat' dir='ltr'><em>e</em></span> <span class='ocrx_word' id='word_1_154' title='bbox 971 2833 1058 2882; x_wconf 89' lang='lat' dir='ltr'><strong>de·</strong></span> 
     </span>
     <span class='ocr_line' id='line_1_31' title="bbox 187 2904 1056 2964; baseline 0.007 -17"><span class='ocrx_word' id='word_1_155' title='bbox 187 2908 296 2964; x_wconf 83' lang='lat' dir='ltr'><strong>nota,</strong></span> <span class='ocrx_word' id='word_1_156' title='bbox 327 2905 548 2954; x_wconf 88' lang='lat' dir='ltr'><strong>secondo</strong></span> <span class='ocrx_word' id='word_1_157' title='bbox 583 2904 622 2954; x_wconf 91' lang='lat' dir='ltr'><strong>il</strong></span> <span class='ocrx_word' id='word_1_158' title='bbox 660 2912 906 2964; x_wconf 87' lang='lat' dir='ltr'><strong>contest0‚</strong></span> <span class='ocrx_word' id='word_1_159' title='bbox 944 2920 1056 2954; x_wconf 88' lang='lat' dir='ltr'><strong>sen-</strong></span> 
     </span>
     <span class='ocr_line' id='line_1_32' title="bbox 190 2970 1056 3041; baseline 0.005 -21"><span class='ocrx_word' id='word_1_160' title='bbox 190 2970 358 3024; x_wconf 87' lang='lat' dir='ltr'><strong>timenti</strong></span> <span class='ocrx_word' id='word_1_161' title='bbox 375 2977 574 3036; x_wconf 84' lang='lat' dir='ltr'><strong>diversi,</strong></span> <span class='ocrx_word' id='word_1_162' title='bbox 595 2992 741 3026; x_wconf 87' lang='lat' dir='ltr'><strong>come</strong></span> <span class='ocrx_word' id='word_1_163' title='bbox 758 2977 811 3025; x_wconf 94' lang='lat' dir='ltr'><strong>lo</strong></span> <span class='ocrx_word' id='word_1_164' title='bbox 832 2984 1056 3041; x_wconf 88' lang='lat' dir='ltr'><strong>stupore,</strong></span> 
     </span>
     <span class='ocr_line' id='line_1_33' title="bbox 189 3040 1061 3113; baseline 0.003 -22"><span class='ocrx_word' id='word_1_165' title='bbox 189 3040 231 3090; x_wconf 89' lang='lat' dir='ltr'><strong>lo</strong></span> <span class='ocrx_word' id='word_1_166' title='bbox 260 3047 474 3113; x_wconf 89' lang='lat' dir='ltr'><strong>schern0,</strong></span> <span class='ocrx_word' id='word_1_167' title='bbox 515 3048 550 3096; x_wconf 84' lang='lat'><strong>1’</strong></span> <span class='ocrx_word' id='word_1_168' title='bbox 571 3047 660 3107; x_wconf 88' lang='lat' dir='ltr'><strong>ira,</strong></span> <span class='ocrx_word' id='word_1_169' title='bbox 698 3048 736 3096; x_wconf 91' lang='lat' dir='ltr'><strong>il</strong></span> <span class='ocrx_word' id='word_1_170' title='bbox 780 3048 969 3106; x_wconf 87' lang='lat' dir='ltr'><strong>dolore,</strong></span> <span class='ocrx_word' id='word_1_171' title='bbox 1009 3047 1061 3095; x_wconf 87' lang='lat' dir='ltr'><strong>la</strong></span> 
     </span>
     <span class='ocr_line' id='line_1_34' title="bbox 189 3113 1062 3183; baseline 0.001 -19"><span class='ocrx_word' id='word_1_172' title='bbox 189 3113 314 3176; x_wconf 80' lang='lat' dir='ltr'><strong>gioia,</strong></span> <span class='ocrx_word' id='word_1_173' title='bbox 349 3117 400 3168; x_wconf 89' lang='lat' dir='ltr'><strong>la</strong></span> <span class='ocrx_word' id='word_1_174' title='bbox 433 3119 835 3183; x_wconf 86' lang='lat' dir='ltr'><strong>rassegnazione.</strong></span> <span class='ocrx_word' id='word_1_175' title='bbox 869 3119 973 3182; x_wconf 87' lang='lat' dir='ltr'><strong>Qui</strong></span> <span class='ocrx_word' id='word_1_176' title='bbox 1009 3117 1062 3166; x_wconf 88' lang='lat' dir='ltr'><strong>la</strong></span> 
     </span>
     <span class='ocr_line' id='line_1_35' title="bbox 192 3189 1062 3255; baseline 0.003 -19"><span class='ocrx_word' id='word_1_177' title='bbox 192 3189 454 3254; x_wconf 84' lang='lat' dir='ltr'><strong>meraviglia</strong></span> <span class='ocrx_word' id='word_1_178' title='bbox 489 3191 642 3240; x_wconf 84' lang='lat' dir='ltr'><strong>mista</strong></span> <span class='ocrx_word' id='word_1_179' title='bbox 687 3208 718 3240; x_wconf 92' lang='lat' dir='ltr'>a</span> <span class='ocrx_word' id='word_1_180' title='bbox 766 3206 837 3239; x_wconf 88' lang='lat' dir='ltr'><strong>un</strong></span> <span class='ocrx_word' id='word_1_181' title='bbox 885 3191 968 3255; x_wconf 85' lang='lat' dir='ltr'><strong>po&#39;</strong></span> <span class='ocrx_word' id='word_1_182' title='bbox 1008 3189 1062 3239; x_wconf 92' lang='lat' dir='ltr'><strong>di</strong></span> 
     </span>
     <span class='ocr_line' id='line_1_36' title="bbox 192 3256 1062 3327; baseline 0.004 -21"><span class='ocrx_word' id='word_1_183' title='bbox 192 3256 372 3322; x_wconf 84' lang='lat' dir='ltr'><strong>sdegno.</strong></span> <span class='ocrx_word' id='word_1_184' title='bbox 411 3287 473 3298; x_wconf 89' lang='lat'><strong>—-</strong></span> <span class='ocrx_word' id='word_1_185' title='bbox 520 3277 944 3327; x_wconf 81' lang='lat' dir='ltr'><strong>quemquamne...</strong></span> <span class='ocrx_word' id='word_1_186' title='bbox 981 3261 1062 3309; x_wconf 89' lang='lat' dir='ltr'><strong>in·</strong></span> 
     </span>
     <span class='ocr_line' id='line_1_37' title="bbox 192 3328 1063 3397; baseline 0.003 -21"><span class='ocrx_word' id='word_1_187' title='bbox 192 3329 388 3383; x_wconf 82' lang='lat' dir='ltr'><em>stituere.</em></span> <span class='ocrx_word' id='word_1_188' title='bbox 446 3334 638 3383; x_wconf 82' lang='lat' dir='ltr'><strong>Trad.:</strong></span> <span class='ocrx_word' id='word_1_189' title='bbox 700 3333 799 3391; x_wconf 86' lang='lat' dir='ltr'><strong>Ah,</strong></span> <span class='ocrx_word' id='word_1_190' title='bbox 852 3332 896 3381; x_wconf 87' lang='lat' dir='ltr'><strong>si</strong></span> <span class='ocrx_word' id='word_1_191' title='bbox 957 3328 1063 3397; x_wconf 75' lang='lat' dir='ltr'><strong>puo</strong></span> 
     </span>
     <span class='ocr_line' id='line_1_38' title="bbox 193 3399 1065 3469; baseline 0.003 -20"><span class='ocrx_word' id='word_1_192' title='bbox 193 3413 376 3460; x_wconf 83' lang='lat' dir='ltr'><strong>pensare</strong></span> <span class='ocrx_word' id='word_1_193' title='bbox 410 3404 555 3456; x_wconf 87' lang='lat' dir='ltr'><strong>che...</strong></span> <span class='ocrx_word' id='word_1_194' title='bbox 580 3419 727 3454; x_wconf 86' lang='lat' dir='ltr'><strong>come</strong></span> <span class='ocrx_word' id='word_1_195' title='bbox 764 3399 793 3451; x_wconf 76' lang='grc' dir='ltr'>ὲ</span> <span class='ocrx_word' id='word_1_196' title='bbox 818 3402 1065 3469; x_wconf 88' lang='lat' dir='ltr'><strong>possibile</strong></span> 
     </span>
     <span class='ocr_line' id='line_1_39' title="bbox 195 3469 1066 3541; baseline 0.005 -23"><span class='ocrx_word' id='word_1_197' title='bbox 195 3469 302 3522; x_wconf 83' lang='lat' dir='ltr'><em>che..</em></span> <span class='ocrx_word' id='word_1_198' title='bbox 289 3508 317 3522; x_wconf 91' lang='lat'><strong>..</strong></span> <span class='ocrx_word' id='word_1_199' title='bbox 351 3491 381 3523; x_wconf 87' lang='lat' dir='ltr'><strong>a</strong></span> <span class='ocrx_word' id='word_1_200' title='bbox 415 3492 628 3541; x_wconf 82' lang='lat' dir='ltr'><strong>pensare</strong></span> <span class='ocrx_word' id='word_1_201' title='bbox 665 3475 810 3527; x_wconf 84' lang='lat' dir='ltr'><strong>che...</strong></span> <span class='ocrx_word' id='word_1_202' title='bbox 861 3474 928 3523; x_wconf 92' lang='lat' dir='ltr'><strong>Vi</strong></span> <span class='ocrx_word' id='word_1_203' title='bbox 971 3490 1066 3523; x_wconf 87' lang='lat' dir='ltr'><strong>son</strong></span> 
     </span>
     <span class='ocr_line' id='line_1_40' title="bbox 197 3537 1067 3612; baseline 0.003 -22"><span class='ocrx_word' id='word_1_204' title='bbox 197 3537 290 3592; x_wconf 80' lang='lat' dir='ltr'><strong>fuse</strong></span> <span class='ocrx_word' id='word_1_205' title='bbox 318 3548 398 3594; x_wconf 86' lang='lat' dir='ltr'><strong>un’</strong></span> <span class='ocrx_word' id='word_1_206' title='bbox 424 3546 825 3612; x_wconf 84' lang='lat' dir='ltr'><strong>interrogazione</strong></span> <span class='ocrx_word' id='word_1_207' title='bbox 874 3545 936 3595; x_wconf 88' lang='lat' dir='ltr'><strong>ed</strong></span> <span class='ocrx_word' id='word_1_208' title='bbox 963 3561 1067 3594; x_wconf 80' lang='lat' dir='ltr'><strong>una</strong></span> 
     </span>
     <span class='ocr_line' id='line_1_41' title="bbox 124 3613 1067 3684; baseline 0.002 -22"><span class='ocrx_word' id='word_1_209' title='bbox 124 3643 127 3675; x_wconf 30' lang='grc' dir='ltr'><strong>ἶ</strong></span> <span class='ocrx_word' id='word_1_210' title='bbox 198 3613 529 3669; x_wconf 76' lang='lat' dir='ltr'><strong>esclamazione</strong></span> <span class='ocrx_word' id='word_1_211' title='bbox 562 3634 792 3684; x_wconf 85' lang='lat' dir='ltr'><strong>espressa</strong></span> <span class='ocrx_word' id='word_1_212' title='bbox 815 3617 935 3666; x_wconf 86' lang='lat' dir='ltr'><strong>dall·</strong></span> <span class='ocrx_word' id='word_1_213' title='bbox 953 3614 1067 3666; x_wconf 87' lang='lat' dir='ltr'><strong>infi-</strong></span> 
     </span>
     <span class='ocr_line' id='line_1_42' title="bbox 200 3682 1069 3749; baseline -0.002 -11.157"><span class='ocrx_word' id='word_1_214' title='bbox 200 3682 291 3733; x_wconf 78' lang='lat' dir='ltr'><strong>nito</strong></span> <span class='ocrx_word' id='word_1_215' title='bbox 322 3688 942 3749; x_wconf 82' lang='lat' dir='ltr'><strong>esc1.conl&#39;accusativo;</strong></span> <span class='ocrx_word' id='word_1_216' title='bbox 983 3687 1069 3737; x_wconf 90' lang='lat' dir='ltr'><strong>del</strong></span> 
     </span>
    </p>
   </div>
   <div class='ocr_carea' id='block_1_4' title="bbox 1145 1338 2060 2116">
    <p class='ocr_par' dir='ltr' id='par_1_10' title="bbox 1145 1338 2060 2116">
     <span class='ocr_line' id='line_1_43' title="bbox 1145 1338 2051 1405; baseline 0.004 -18"><span class='ocrx_word' id='word_1_217' title='bbox 1145 1338 1239 1388; x_wconf 85' lang='lat' dir='ltr'><strong>che</strong></span> <span class='ocrx_word' id='word_1_218' title='bbox 1277 1353 1403 1387; x_wconf 89' lang='lat' dir='ltr'><strong>sono</strong></span> <span class='ocrx_word' id='word_1_219' title='bbox 1441 1338 1696 1404; x_wconf 87' lang='lat' dir='ltr'><strong>frequenti</strong></span> <span class='ocrx_word' id='word_1_220' title='bbox 1733 1341 1929 1405; x_wconf 85' lang='lat' dir='ltr'><strong>esempi</strong></span> <span class='ocrx_word' id='word_1_221' title='bbox 1961 1357 2051 1390; x_wconf 81' lang='lat' dir='ltr'><strong>an-</strong></span> 
     </span>
     <span class='ocr_line' id='line_1_44' title="bbox 1147 1409 2048 1473; baseline 0.006 -16"><span class='ocrx_word' id='word_1_222' title='bbox 1147 1409 1241 1458; x_wconf 81' lang='lat' dir='ltr'><strong>che</strong></span> <span class='ocrx_word' id='word_1_223' title='bbox 1279 1409 1417 1473; x_wconf 85' lang='lat' dir='ltr'><strong>negli</strong></span> <span class='ocrx_word' id='word_1_224' title='bbox 1457 1409 1674 1459; x_wconf 88' lang='lat' dir='ltr'><strong>scrittori</strong></span> <span class='ocrx_word' id='word_1_225' title='bbox 1699 1410 1913 1461; x_wconf 88' lang='lat' dir='ltr'><strong>classici.</strong></span> <span class='ocrx_word' id='word_1_226' title='bbox 1942 1411 2048 1462; x_wconf 88' lang='lat' dir='ltr'><strong>Cfr.</strong></span> 
     </span>
     <span class='ocr_line' id='line_1_45' title="bbox 1149 1482 2053 1546; baseline 0.001 -15"><span class='ocrx_word' id='word_1_227' title='bbox 1149 1498 1199 1546; x_wconf 91' lang='lat' dir='ltr'><strong>p.</strong></span> <span class='ocrx_word' id='word_1_228' title='bbox 1239 1497 1283 1530; x_wconf 89' lang='lat' dir='ltr'><em>e.</em></span> <span class='ocrx_word' id='word_1_229' title='bbox 1322 1482 1495 1533; x_wconf 86' lang='lat' dir='ltr'><em>Andr.</em></span> <span class='ocrx_word' id='word_1_230' title='bbox 1535 1491 1634 1546; x_wconf 86' lang='lat'><strong>245</strong></span> <span class='ocrx_word' id='word_1_231' title='bbox 1679 1482 1856 1531; x_wconf 85' lang='lat' dir='ltr'><em>Adeon</em></span> <span class='ocrx_word' id='word_1_232' title='bbox 1894 1484 2053 1532; x_wconf 78' lang='lat' dir='ltr'><em>homi·</em></span> 
     </span>
     <span class='ocr_line' id='line_1_46' title="bbox 1150 1554 2057 1619; baseline 0.004 -19"><span class='ocrx_word' id='word_1_233' title='bbox 1150 1567 1264 1600; x_wconf 87' lang='lat' dir='ltr'><em>nem</em></span> <span class='ocrx_word' id='word_1_234' title='bbox 1303 1567 1403 1600; x_wconf 84' lang='lat' dir='ltr'><em>esse</em></span> <span class='ocrx_word' id='word_1_235' title='bbox 1440 1554 1777 1602; x_wconf 86' lang='lat' dir='ltr'><em>inuenustum</em></span> <span class='ocrx_word' id='word_1_236' title='bbox 1802 1561 1900 1604; x_wconf 85' lang='lat' dir='ltr'><strong>aut</strong></span> <span class='ocrx_word' id='word_1_237' title='bbox 1920 1554 2057 1619; x_wconf 86' lang='lat' dir='ltr'><em>infe-</em></span> 
     </span>
     <span class='ocr_line' id='line_1_47' title="bbox 1149 1623 2056 1688; baseline 0.006 -18"><span class='ocrx_word' id='word_1_238' title='bbox 1149 1623 1293 1671; x_wconf 84' lang='lat' dir='ltr'><em>licem</em></span> <span class='ocrx_word' id='word_1_239' title='bbox 1332 1639 1659 1686; x_wconf 84' lang='lat' dir='ltr'><em>quemquam,</em></span> <span class='ocrx_word' id='word_1_240' title='bbox 1686 1631 1749 1673; x_wconf 85' lang='lat' dir='ltr'><strong>ut</strong></span> <span class='ocrx_word' id='word_1_241' title='bbox 1783 1641 1869 1688; x_wconf 76' lang='lat' dir='ltr'><em>ego</em></span> <span class='ocrx_word' id='word_1_242' title='bbox 1894 1642 2010 1674; x_wconf 87' lang='lat' dir='ltr'><strong>sum</strong></span> <span class='ocrx_word' id='word_1_243' title='bbox 2030 1631 2056 1676; x_wconf 70' lang='grc' dir='ltr'><strong>ι)</strong></span> 
     </span>
     <span class='ocr_line' id='line_1_48' title="bbox 1152 1692 2055 1759; baseline 0.003 -16"><span class='ocrx_word' id='word_1_244' title='bbox 1152 1692 1259 1744; x_wconf 91' lang='lat' dir='ltr'><strong>Cic.</strong></span> <span class='ocrx_word' id='word_1_245' title='bbox 1309 1694 1448 1744; x_wconf 79' lang='lat' dir='ltr'><em>Phil.</em></span> <span class='ocrx_word' id='word_1_246' title='bbox 1507 1708 1582 1755; x_wconf 90' lang='lat'><strong>14,</strong></span> <span class='ocrx_word' id='word_1_247' title='bbox 1647 1704 1691 1759; x_wconf 85' lang='lat'><strong>5,</strong></span> <span class='ocrx_word' id='word_1_248' title='bbox 1756 1707 1819 1756; x_wconf 88' lang='lat'><strong>14</strong></span> <span class='ocrx_word' id='word_1_249' title='bbox 1873 1698 2055 1758; x_wconf 82' lang='lat' dir='ltr'><em>Quem-</em></span> 
     </span>
     <span class='ocr_line' id='line_1_49' title="bbox 1152 1765 2054 1829; baseline 0.003 -16"><span class='ocrx_word' id='word_1_250' title='bbox 1152 1780 1375 1829; x_wconf 85' lang='lat' dir='ltr'><em>quamne</em></span> <span class='ocrx_word' id='word_1_251' title='bbox 1387 1765 1571 1828; x_wconf 84' lang='lat' dir='ltr'><em>fuisse</em></span> <span class='ocrx_word' id='word_1_252' title='bbox 1594 1773 1699 1815; x_wconf 82' lang='lat' dir='ltr'><strong>tam</strong></span> <span class='ocrx_word' id='word_1_253' title='bbox 1732 1767 2054 1829; x_wconf 82' lang='lat' dir='ltr'><em>sceleratum,</em></span> 
     </span>
     <span class='ocr_line' id='line_1_50' title="bbox 1154 1835 2054 1902; baseline 0.005 -18"><span class='ocrx_word' id='word_1_254' title='bbox 1154 1836 1246 1901; x_wconf 87' lang='lat' dir='ltr'><strong>qui</strong></span> <span class='ocrx_word' id='word_1_255' title='bbox 1261 1836 1350 1883; x_wconf 80' lang='lat' dir='ltr'><strong>hoc</strong></span> <span class='ocrx_word' id='word_1_256' title='bbox 1386 1835 1616 1902; x_wconf 80' lang='lat' dir='ltr'><em>fingeret,</em></span> <span class='ocrx_word' id='word_1_257' title='bbox 1644 1845 1748 1886; x_wconf 87' lang='lat' dir='ltr'><strong>tam</strong></span> <span class='ocrx_word' id='word_1_258' title='bbox 1758 1837 2054 1900; x_wconf 85' lang='lat' dir='ltr'><strong>furiosum,</strong></span> 
     </span>
     <span class='ocr_line' id='line_1_51' title="bbox 1156 1907 2060 1970; baseline 0.006 -15"><span class='ocrx_word' id='word_1_259' title='bbox 1156 1907 1249 1970; x_wconf 89' lang='lat' dir='ltr'><strong>qui</strong></span> <span class='ocrx_word' id='word_1_260' title='bbox 1281 1908 1547 1956; x_wconf 68' lang='lat' dir='ltr'><em>crederet)</em></span> <span class='ocrx_word' id='word_1_261' title='bbox 1597 1924 1695 1966; x_wconf 87' lang='lat' dir='ltr'><em>-,ne</em></span> <span class='ocrx_word' id='word_1_262' title='bbox 1737 1908 1924 1959; x_wconf 86' lang='lat' dir='ltr'><strong>ricorre</strong></span> <span class='ocrx_word' id='word_1_263' title='bbox 1961 1908 2060 1960; x_wconf 78' lang='lat' dir='ltr'><strong>fre·</strong></span> 
     </span>
     <span class='ocr_line' id='line_1_52' title="bbox 1156 1978 2060 2046; baseline 0.006 -21"><span class='ocrx_word' id='word_1_264' title='bbox 1156 1983 1346 2042; x_wconf 88' lang='lat' dir='ltr'><strong>quente</strong></span> <span class='ocrx_word' id='word_1_265' title='bbox 1394 1978 1449 2027; x_wconf 91' lang='lat' dir='ltr'><strong>in</strong></span> <span class='ocrx_word' id='word_1_266' title='bbox 1501 1978 1603 2027; x_wconf 72' lang='lat' dir='ltr'><strong>tali·</strong></span> <span class='ocrx_word' id='word_1_267' title='bbox 1639 1978 1770 2038; x_wconf 87' lang='lat' dir='ltr'><strong>frasi,</strong></span> <span class='ocrx_word' id='word_1_268' title='bbox 1821 1996 1851 2029; x_wconf 90' lang='lat' dir='ltr'>a</span> <span class='ocrx_word' id='word_1_269' title='bbox 1896 1989 2060 2046; x_wconf 88' lang='lat' dir='ltr'><strong>punto</strong></span> 
     </span>
     <span class='ocr_line' id='line_1_53' title="bbox 1155 2044 2060 2116; baseline 0.005 -19"><span class='ocrx_word' id='word_1_270' title='bbox 1155 2044 1340 2114; x_wconf 71' lang='lat' dir='ltr'><strong>perche</strong></span> <span class='ocrx_word' id='word_1_271' title='bbox 1376 2049 1427 2098; x_wconf 88' lang='lat' dir='ltr'><strong>vi</strong></span> <span class='ocrx_word' id='word_1_272' title='bbox 1465 2045 1493 2097; x_wconf 80' lang='grc' dir='ltr'>ὲ</span> <span class='ocrx_word' id='word_1_273' title='bbox 1517 2049 1767 2116; x_wconf 84' lang='lat' dir='ltr'><strong>implicita</strong></span> <span class='ocrx_word' id='word_1_274' title='bbox 1802 2049 1836 2098; x_wconf 91' lang='lat' dir='ltr'><strong>l&#39;</strong></span> <span class='ocrx_word' id='word_1_275' title='bbox 1849 2051 2060 2103; x_wconf 86' lang='lat' dir='ltr'><strong>interro·</strong></span> 
     </span>
    </p>
   </div>
   <div class='ocr_carea' id='block_1_5' title="bbox 1156 2120 2061 2258">
    <p class='ocr_par' dir='ltr' id='par_1_11' title="bbox 1156 2120 2059 2257">
     <span class='ocr_line' id='line_1_54' title="bbox 1157 2120 2059 2188; baseline 0.005 -20"><span class='ocrx_word' id='word_1_276' title='bbox 1157 2120 1385 2183; x_wconf 85' lang='lat' dir='ltr'><strong>gazione.</strong></span> <span class='ocrx_word' id='word_1_277' title='bbox 1440 2120 1542 2171; x_wconf 85' lang='lat' dir='ltr'><strong>Cfr.</strong></span> <span class='ocrx_word' id='word_1_278' title='bbox 1592 2131 1710 2185; x_wconf 90' lang='lat'>237,</span> <span class='ocrx_word' id='word_1_279' title='bbox 1762 2135 1882 2185; x_wconf 86' lang='lat'><strong>304,</strong></span> <span class='ocrx_word' id='word_1_280' title='bbox 1939 2136 2059 2188; x_wconf 87' lang='lat'>330,</span> 
     </span>
     <span class='ocr_line' id='line_1_55' title="bbox 1156 2191 2061 2258; baseline 0.006 -19"><span class='ocrx_word' id='word_1_281' title='bbox 1156 2204 1276 2255; x_wconf 88' lang='lat'>390,</span> <span class='ocrx_word' id='word_1_282' title='bbox 1300 2191 1423 2253; x_wconf 90' lang='lat'>408,</span> <span class='ocrx_word' id='word_1_283' title='bbox 1462 2206 1583 2255; x_wconf 90' lang='lat'>449,</span> <span class='ocrx_word' id='word_1_284' title='bbox 1627 2193 1743 2256; x_wconf 85' lang='lat'>562,</span> <span class='ocrx_word' id='word_1_285' title='bbox 1784 2196 1903 2258; x_wconf 87' lang='lat'>610,</span> <span class='ocrx_word' id='word_1_286' title='bbox 1939 2196 2061 2257; x_wconf 89' lang='lat'><strong>629.</strong></span> 
     </span>
    </p>
   </div>
   <div class='ocr_carea' id='block_1_6' title="bbox 1157 2263 2087 3756">
    <p class='ocr_par' dir='ltr' id='par_1_12' title="bbox 1157 2263 2068 2672">
     <span class='ocr_line' id='line_1_56' title="bbox 1157 2263 2063 2330; baseline 0.005 -19"><span class='ocrx_word' id='word_1_287' title='bbox 1157 2289 1221 2298; x_wconf 94' lang='lat'><em>-</em></span> <span class='ocrx_word' id='word_1_288' title='bbox 1261 2264 1319 2312; x_wconf 84' lang='lat' dir='ltr'><strong>in</strong></span> <span class='ocrx_word' id='word_1_289' title='bbox 1357 2265 1591 2312; x_wconf 86' lang='lat' dir='ltr'><em>animum</em></span> <span class='ocrx_word' id='word_1_290' title='bbox 1622 2263 1761 2330; x_wconf 86' lang='lat' dir='ltr'><strong>(altri</strong></span> <span class='ocrx_word' id='word_1_291' title='bbox 1786 2267 1844 2314; x_wconf 89' lang='lat' dir='ltr'><strong>in</strong></span> <span class='ocrx_word' id='word_1_292' title='bbox 1869 2268 2063 2326; x_wconf 84' lang='lat' dir='ltr'><strong>animo,</strong></span> 
     </span>
     <span class='ocr_line' id='line_1_57' title="bbox 1157 2335 2062 2401; baseline 0.005 -19"><span class='ocrx_word' id='word_1_293' title='bbox 1157 2350 1302 2383; x_wconf 87' lang='lat' dir='ltr'><strong>come</strong></span> <span class='ocrx_word' id='word_1_294' title='bbox 1340 2335 1564 2398; x_wconf 85' lang='lat' dir='ltr'><strong>leggono</strong></span> <span class='ocrx_word' id='word_1_295' title='bbox 1590 2335 1761 2385; x_wconf 86' lang='lat' dir='ltr'><strong>alcuni</strong></span> <span class='ocrx_word' id='word_1_296' title='bbox 1786 2336 1958 2401; x_wconf 88' lang='lat' dir='ltr'><strong>codd.)</strong></span> <span class='ocrx_word' id='word_1_297' title='bbox 1982 2339 2062 2386; x_wconf 84' lang='lat' dir='ltr'><strong>in-</strong></span> 
     </span>
     <span class='ocr_line' id='line_1_58' title="bbox 1157 2403 2065 2472; baseline 0.004 -19"><span class='ocrx_word' id='word_1_298' title='bbox 1157 2407 1370 2454; x_wconf 83' lang='lat' dir='ltr'><em>stituere</em></span> <span class='ocrx_word' id='word_1_299' title='bbox 1424 2403 1454 2454; x_wconf 76' lang='grc' dir='ltr'>ὲ</span> <span class='ocrx_word' id='word_1_300' title='bbox 1504 2406 1636 2456; x_wconf 87' lang='lat' dir='ltr'><strong>frase</strong></span> <span class='ocrx_word' id='word_1_301' title='bbox 1685 2407 1902 2472; x_wconf 84' lang='lat' dir='ltr'><strong>analoga</strong></span> <span class='ocrx_word' id='word_1_302' title='bbox 1962 2408 2065 2458; x_wconf 83' lang='lat' dir='ltr'><strong>alla</strong></span> 
     </span>
     <span class='ocr_line' id='line_1_59' title="bbox 1159 2479 2063 2529; baseline 0.003 -3"><span class='ocrx_word' id='word_1_303' title='bbox 1159 2492 1379 2526; x_wconf 87' lang='lat' dir='ltr'><strong>comune</strong></span> <span class='ocrx_word' id='word_1_304' title='bbox 1415 2479 1473 2525; x_wconf 82' lang='lat' dir='ltr'><strong>in</strong></span> <span class='ocrx_word' id='word_1_305' title='bbox 1523 2480 1757 2527; x_wconf 78' lang='lat' dir='ltr'><em>animum</em></span> <span class='ocrx_word' id='word_1_306' title='bbox 1804 2481 2063 2529; x_wconf 83' lang='lat' dir='ltr'><em>inducere.</em></span> 
     </span>
     <span class='ocr_line' id='line_1_60' title="bbox 1161 2548 2068 2601; baseline 0.002 -3"><span class='ocrx_word' id='word_1_307' title='bbox 1161 2550 1222 2598; x_wconf 90' lang='lat' dir='ltr'><strong>In</strong></span> <span class='ocrx_word' id='word_1_308' title='bbox 1259 2548 1511 2597; x_wconf 81' lang='lat' dir='ltr'><em>hominem</em></span> <span class='ocrx_word' id='word_1_309' title='bbox 1548 2551 1605 2598; x_wconf 87' lang='lat' dir='ltr'><strong>in</strong></span> <span class='ocrx_word' id='word_1_310' title='bbox 1643 2551 1875 2599; x_wconf 85' lang='lat' dir='ltr'><em>animum</em></span> <span class='ocrx_word' id='word_1_311' title='bbox 1917 2551 2068 2601; x_wconf 83' lang='lat' dir='ltr'><em>insti·</em></span> 
     </span>
     <span class='ocr_line' id='line_1_61' title="bbox 1162 2619 2068 2672; baseline 0.004 -4"><span class='ocrx_word' id='word_1_312' title='bbox 1162 2626 1304 2668; x_wconf 80' lang='lat' dir='ltr'><em>tuere</em></span> <span class='ocrx_word' id='word_1_313' title='bbox 1325 2619 1366 2668; x_wconf 88' lang='lat' dir='ltr'><strong>si</strong></span> <span class='ocrx_word' id='word_1_314' title='bbox 1390 2619 1571 2668; x_wconf 87' lang='lat' dir='ltr'><strong>notino</strong></span> <span class='ocrx_word' id='word_1_315' title='bbox 1591 2619 1640 2669; x_wconf 88' lang='lat' dir='ltr'><strong>le</strong></span> <span class='ocrx_word' id='word_1_316' title='bbox 1661 2628 1734 2670; x_wconf 86' lang='lat' dir='ltr'><strong>tre</strong></span> <span class='ocrx_word' id='word_1_317' title='bbox 1752 2621 1853 2670; x_wconf 85' lang='lat' dir='ltr'><strong>arsi</strong></span> <span class='ocrx_word' id='word_1_318' title='bbox 1871 2621 2068 2672; x_wconf 90' lang='lat' dir='ltr'><strong>sciolte.</strong></span> 
     </span>
    </p>

    <p class='ocr_par' dir='ltr' id='par_1_13' title="bbox 1165 2688 2073 3035">
     <span class='ocr_line' id='line_1_62' title="bbox 1237 2688 2067 2758; baseline 0.002 -18"><span class='ocrx_word' id='word_1_319' title='bbox 1237 2703 1321 2753; x_wconf 89' lang='lat'><strong>39.</strong></span> <span class='ocrx_word' id='word_1_320' title='bbox 1342 2692 1548 2739; x_wconf 83' lang='lat' dir='ltr'><em>Parare</em></span> <span class='ocrx_word' id='word_1_321' title='bbox 1566 2711 1637 2731; x_wconf 90' lang='lat'><strong><em>=</em></strong></span> <span class='ocrx_word' id='word_1_322' title='bbox 1661 2700 1724 2741; x_wconf 83' lang='lat' dir='ltr'><strong>ut</strong></span> <span class='ocrx_word' id='word_1_323' title='bbox 1739 2688 1883 2758; x_wconf 86' lang='lat' dir='ltr'><em>(sibi)</em></span> <span class='ocrx_word' id='word_1_324' title='bbox 1893 2699 2067 2756; x_wconf 82' lang='lat' dir='ltr'><em>paret,</em></span> 
     </span>
     <span class='ocr_line' id='line_1_63' title="bbox 1165 2762 2068 2826; baseline 0.004 -16"><span class='ocrx_word' id='word_1_325' title='bbox 1165 2768 1376 2826; x_wconf 85' lang='lat' dir='ltr'><strong>oggetto</strong></span> <span class='ocrx_word' id='word_1_326' title='bbox 1413 2762 1467 2810; x_wconf 90' lang='lat' dir='ltr'><strong>di</strong></span> <span class='ocrx_word' id='word_1_327' title='bbox 1503 2763 1560 2811; x_wconf 88' lang='lat' dir='ltr'><strong>in</strong></span> <span class='ocrx_word' id='word_1_328' title='bbox 1596 2764 1753 2825; x_wconf 84' lang='lat' dir='ltr'><em>anim.</em></span> <span class='ocrx_word' id='word_1_329' title='bbox 1799 2764 1922 2814; x_wconf 82' lang='lat' dir='ltr'><em>inst.</em></span> <span class='ocrx_word' id='word_1_330' title='bbox 1962 2762 2068 2814; x_wconf 87' lang='lat' dir='ltr'><strong>Cfr.</strong></span> 
     </span>
     <span class='ocr_line' id='line_1_64' title="bbox 1167 2832 2067 2899; baseline 0.001 -16"><span class='ocrx_word' id='word_1_331' title='bbox 1167 2850 1258 2899; x_wconf 90' lang='lat' dir='ltr'><strong>per</strong></span> <span class='ocrx_word' id='word_1_332' title='bbox 1294 2832 1425 2882; x_wconf 85' lang='lat' dir='ltr'><strong>anal.</strong></span> <span class='ocrx_word' id='word_1_333' title='bbox 1478 2840 1689 2884; x_wconf 88' lang='lat' dir='ltr'><strong>costruz.</strong></span> <span class='ocrx_word' id='word_1_334' title='bbox 1734 2833 1822 2883; x_wconf 90' lang='lat' dir='ltr'><strong>Or.</strong></span> <span class='ocrx_word' id='word_1_335' title='bbox 1870 2836 1978 2886; x_wconf 84' lang='lat' dir='ltr'><em>Sat.</em></span> <span class='ocrx_word' id='word_1_336' title='bbox 2024 2849 2067 2895; x_wconf 87' lang='lat'><strong>1,</strong></span> 
     </span>
     <span class='ocr_line' id='line_1_65' title="bbox 1167 2904 2073 2968; baseline 0.002 -15"><span class='ocrx_word' id='word_1_337' title='bbox 1167 2917 1214 2968; x_wconf 86' lang='lat'><strong>3,</strong></span> <span class='ocrx_word' id='word_1_338' title='bbox 1271 2917 1301 2953; x_wconf 87' lang='lat'>2</span> <span class='ocrx_word' id='word_1_339' title='bbox 1350 2904 1608 2954; x_wconf 83' lang='lat' dir='ltr'><strong>inducant</strong></span> <span class='ocrx_word' id='word_1_340' title='bbox 1664 2908 1896 2954; x_wconf 83' lang='lat' dir='ltr'><em>animum</em></span> <span class='ocrx_word' id='word_1_341' title='bbox 1952 2923 2073 2955; x_wconf 87' lang='lat' dir='ltr'><strong>can-</strong></span> 
     </span>
     <span class='ocr_line' id='line_1_66' title="bbox 1165 2984 1448 3035; baseline -0.007 -9"><span class='ocrx_word' id='word_1_342' title='bbox 1165 2984 1304 3035; x_wconf 85' lang='lat' dir='ltr'><em>tare;</em></span> <span class='ocrx_word' id='word_1_343' title='bbox 1346 2990 1448 3025; x_wconf 91' lang='lat' dir='ltr'><strong>ecc.</strong></span> 
     </span>
    </p>

    <p class='ocr_par' dir='ltr' id='par_1_14' title="bbox 1167 3048 2087 3756">
     <span class='ocr_line' id='line_1_67' title="bbox 1236 3048 2071 3111; baseline 0.005 -16"><span class='ocrx_word' id='word_1_344' title='bbox 1236 3060 1322 3108; x_wconf 88' lang='lat'><strong>40.</strong></span> <span class='ocrx_word' id='word_1_345' title='bbox 1350 3048 1523 3111; x_wconf 89' lang='lat' dir='ltr'><em>Atque</em></span> <span class='ocrx_word' id='word_1_346' title='bbox 1539 3069 1611 3089; x_wconf 94' lang='lat'>=</span> <span class='ocrx_word' id='word_1_347' title='bbox 1640 3067 1663 3091; x_wconf 76' lang='lat' dir='ltr'>c</span> <span class='ocrx_word' id='word_1_348' title='bbox 1688 3048 1734 3096; x_wconf 92' lang='lat' dir='ltr'>E</span> <span class='ocrx_word' id='word_1_349' title='bbox 1759 3049 1867 3099; x_wconf 86' lang='lat' dir='ltr'><strong>dire</strong></span> <span class='ocrx_word' id='word_1_350' title='bbox 1887 3049 1981 3098; x_wconf 86' lang='lat' dir='ltr'><strong>che</strong></span> <span class='ocrx_word' id='word_1_351' title='bbox 2010 3067 2034 3092; x_wconf 71' lang='grc' dir='ltr'><strong><em>ι</em></strong></span> <span class='ocrx_word' id='word_1_352' title='bbox 2059 3065 2071 3099; x_wconf 73' lang='lat'>2</span> 
     </span>
     <span class='ocr_line' id='line_1_68' title="bbox 1169 3117 2072 3184; baseline 0.003 -17"><span class='ocrx_word' id='word_1_353' title='bbox 1169 3118 1314 3184; x_wconf 86' lang='lat' dir='ltr'><strong>quasi</strong></span> <span class='ocrx_word' id='word_1_354' title='bbox 1340 3118 1393 3166; x_wconf 90' lang='lat' dir='ltr'><strong>in</strong></span> <span class='ocrx_word' id='word_1_355' title='bbox 1421 3117 1660 3167; x_wconf 85' lang='lat' dir='ltr'><strong>funzione</strong></span> <span class='ocrx_word' id='word_1_356' title='bbox 1692 3119 1747 3167; x_wconf 90' lang='lat' dir='ltr'><strong>di</strong></span> <span class='ocrx_word' id='word_1_357' title='bbox 1774 3122 1939 3184; x_wconf 84' lang='lat' dir='ltr'><em>atqui.</em></span> <span class='ocrx_word' id='word_1_358' title='bbox 1966 3119 2072 3170; x_wconf 83' lang='lat' dir='ltr'><strong>Cfr.</strong></span> 
     </span>
     <span class='ocr_line' id='line_1_69' title="bbox 1167 3189 2074 3255; baseline 0.004 -18"><span class='ocrx_word' id='word_1_359' title='bbox 1167 3206 1214 3240; x_wconf 88' lang='lat' dir='ltr'><strong>v.</strong></span> <span class='ocrx_word' id='word_1_360' title='bbox 1255 3189 1386 3253; x_wconf 88' lang='lat'><strong>362;</strong></span> <span class='ocrx_word' id='word_1_361' title='bbox 1427 3189 1598 3238; x_wconf 86' lang='lat' dir='ltr'><em>Andr.</em></span> <span class='ocrx_word' id='word_1_362' title='bbox 1639 3199 1757 3254; x_wconf 85' lang='lat'>225,</span> <span class='ocrx_word' id='word_1_363' title='bbox 1800 3200 1930 3255; x_wconf 80' lang='lat'><strong>5253</strong></span> <span class='ocrx_word' id='word_1_364' title='bbox 1968 3206 2074 3242; x_wconf 90' lang='lat' dir='ltr'><strong>ecc.</strong></span> 
     </span>
     <span class='ocr_line' id='line_1_70' title="bbox 1171 3259 2073 3327; baseline 0.002 -18"><span class='ocrx_word' id='word_1_365' title='bbox 1171 3260 1276 3309; x_wconf 90' lang='lat' dir='ltr'><strong>Cic.</strong></span> <span class='ocrx_word' id='word_1_366' title='bbox 1321 3259 1418 3322; x_wconf 81' lang='lat' dir='ltr'><strong>Offi</strong></span> <span class='ocrx_word' id='word_1_367' title='bbox 1465 3275 1507 3319; x_wconf 91' lang='lat'><strong>1,</strong></span> <span class='ocrx_word' id='word_1_368' title='bbox 1542 3273 1673 3323; x_wconf 87' lang='lat'><strong>144;</strong></span> <span class='ocrx_word' id='word_1_369' title='bbox 1715 3274 1762 3325; x_wconf 91' lang='lat'><strong>3,</strong></span> <span class='ocrx_word' id='word_1_370' title='bbox 1789 3261 1860 3323; x_wconf 90' lang='lat'><strong>48</strong></span> <span class='ocrx_word' id='word_1_371' title='bbox 1887 3279 1915 3312; x_wconf 86' lang='lat' dir='ltr'><em>e</em></span> <span class='ocrx_word' id='word_1_372' title='bbox 1947 3261 2073 3327; x_wconf 77' lang='lat'>1183</span> 
     </span>
     <span class='ocr_line' id='line_1_71' title="bbox 1171 3332 2074 3397; baseline 0.002 -16"><span class='ocrx_word' id='word_1_373' title='bbox 1171 3333 1333 3381; x_wconf 85' lang='lat' dir='ltr'><strong>Acad.</strong></span> <span class='ocrx_word' id='word_1_374' title='bbox 1363 3345 1408 3391; x_wconf 88' lang='lat'><strong>2,</strong></span> <span class='ocrx_word' id='word_1_375' title='bbox 1444 3333 1577 3389; x_wconf 74' lang='lat'>1263</span> <span class='ocrx_word' id='word_1_376' title='bbox 1616 3333 1738 3381; x_wconf 85' lang='lat' dir='ltr'><strong>Fin.</strong></span> <span class='ocrx_word' id='word_1_377' title='bbox 1769 3346 1815 3397; x_wconf 89' lang='lat'><strong>2,</strong></span> <span class='ocrx_word' id='word_1_378' title='bbox 1845 3332 1941 3397; x_wconf 67' lang='lat'><strong>852</strong></span> <span class='ocrx_word' id='word_1_379' title='bbox 1970 3348 2074 3384; x_wconf 91' lang='lat' dir='ltr'><strong>ecc.</strong></span> 
     </span>
     <span class='ocr_line' id='line_1_72' title="bbox 1172 3402 2075 3468; baseline 0.002 -16"><span class='ocrx_word' id='word_1_380' title='bbox 1172 3402 1294 3452; x_wconf 85' lang='lat' dir='ltr'><strong>Sall.</strong></span> <span class='ocrx_word' id='word_1_381' title='bbox 1319 3404 1438 3468; x_wconf 78' lang='lat' dir='ltr'><strong>lug.</strong></span> <span class='ocrx_word' id='word_1_382' title='bbox 1468 3402 1562 3467; x_wconf 79' lang='lat'><strong>853</strong></span> <span class='ocrx_word' id='word_1_383' title='bbox 1602 3419 1705 3453; x_wconf 89' lang='lat' dir='ltr'><strong>ecc.</strong></span> <span class='ocrx_word' id='word_1_384' title='bbox 1734 3406 1795 3454; x_wconf 88' lang='lat' dir='ltr'><strong>In</strong></span> <span class='ocrx_word' id='word_1_385' title='bbox 1826 3404 1996 3453; x_wconf 90' lang='lat' dir='ltr'><strong>alcuni</strong></span> <span class='ocrx_word' id='word_1_386' title='bbox 2023 3405 2075 3454; x_wconf 91' lang='lat' dir='ltr'><strong>di</strong></span> 
     </span>
     <span class='ocr_line' id='line_1_73' title="bbox 1173 3473 2080 3540; baseline 0.006 -19"><span class='ocrx_word' id='word_1_387' title='bbox 1173 3474 1340 3539; x_wconf 83' lang='lat' dir='ltr'><strong>questi</strong></span> <span class='ocrx_word' id='word_1_388' title='bbox 1360 3473 1556 3540; x_wconf 85' lang='lat' dir='ltr'><strong>esempi</strong></span> <span class='ocrx_word' id='word_1_389' title='bbox 1576 3491 1666 3540; x_wconf 91' lang='lat' dir='ltr'><strong>per</strong></span> <span class='ocrx_word' id='word_1_390' title='bbox 1684 3475 1814 3525; x_wconf 84' lang='lat' dir='ltr'><strong>altro</strong></span> <span class='ocrx_word' id='word_1_391' title='bbox 1834 3491 1939 3525; x_wconf 89' lang='lat' dir='ltr'><strong>non</strong></span> <span class='ocrx_word' id='word_1_392' title='bbox 1960 3475 2080 3526; x_wconf 83' lang='lat' dir='ltr'><strong>tutti</strong></span> 
     </span>
     <span class='ocr_line' id='line_1_74' title="bbox 1173 3545 2078 3609; baseline 0.002 -15"><span class='ocrx_word' id='word_1_393' title='bbox 1173 3545 1247 3609; x_wconf 87' lang='lat' dir='ltr'><strong>gli</strong></span> <span class='ocrx_word' id='word_1_394' title='bbox 1284 3545 1399 3596; x_wconf 90' lang='lat' dir='ltr'><strong>edd.</strong></span> <span class='ocrx_word' id='word_1_395' title='bbox 1438 3546 1481 3595; x_wconf 90' lang='lat' dir='ltr'><strong>si</strong></span> <span class='ocrx_word' id='word_1_396' title='bbox 1518 3546 1799 3595; x_wconf 86' lang='lat' dir='ltr'><strong>accordano</strong></span> <span class='ocrx_word' id='word_1_397' title='bbox 1824 3547 1911 3597; x_wconf 90' lang='lat' dir='ltr'><strong>nel</strong></span> <span class='ocrx_word' id='word_1_398' title='bbox 1936 3563 2078 3596; x_wconf 84' lang='lat' dir='ltr'><strong>man·</strong></span> 
     </span>
     <span class='ocr_line' id='line_1_75' title="bbox 1176 3618 2087 3682; baseline 0.003 -17"><span class='ocrx_word' id='word_1_399' title='bbox 1176 3627 1348 3666; x_wconf 84' lang='lat' dir='ltr'><strong>tenere</strong></span> <span class='ocrx_word' id='word_1_400' title='bbox 1385 3625 1541 3681; x_wconf 86' lang='lat' dir='ltr'><em>atque</em></span> <span class='ocrx_word' id='word_1_401' title='bbox 1576 3634 1668 3682; x_wconf 88' lang='lat' dir='ltr'><strong>per</strong></span> <span class='ocrx_word' id='word_1_402' title='bbox 1704 3618 1868 3681; x_wconf 84' lang='lat' dir='ltr'><em>atqui.</em></span> <span class='ocrx_word' id='word_1_403' title='bbox 1898 3643 1962 3655; x_wconf 92' lang='lat'><em>-</em></span> <span class='ocrx_word' id='word_1_404' title='bbox 1992 3618 2087 3668; x_wconf 88' lang='lat' dir='ltr'><strong>sed</strong></span> 
     </span>
     <span class='ocr_line' id='line_1_76' title="bbox 1175 3686 2018 3756; baseline 0.006 -20"><span class='ocrx_word' id='word_1_405' title='bbox 1175 3704 1256 3750; x_wconf 89' lang='lat' dir='ltr'><strong>ex,</strong></span> <span class='ocrx_word' id='word_1_406' title='bbox 1292 3687 1551 3753; x_wconf 84' lang='lat' dir='ltr'><strong>pirrichio.</strong></span> <span class='ocrx_word' id='word_1_407' title='bbox 1590 3686 1695 3739; x_wconf 85' lang='lat' dir='ltr'><strong>Cfr.</strong></span> <span class='ocrx_word' id='word_1_408' title='bbox 1734 3691 1870 3756; x_wconf 88' lang='lat' dir='ltr'><strong>App.</strong></span> <span class='ocrx_word' id='word_1_409' title='bbox 1910 3689 2018 3741; x_wconf 88' lang='lat' dir='ltr'><strong>crit.</strong></span> 
     </span>
    </p>
   </div>
   <div class='ocr_carea' id='block_1_7' title="bbox 2689 0 2730 587">
    <p class='ocr_par' dir='ltr' id='par_1_15' title="bbox 2689 0 2730 587">
     <span class='ocr_line' id='line_1_77' title="bbox 2689 0 2730 587; baseline 0 3672"><span class='ocrx_word' id='word_1_410' title='bbox 2689 0 2730 587; x_wconf 95' lang='lat' dir='ltr'><strong> </strong></span> 
     </span>
    </p>
   </div>
  </div>
 </body>
</html>
