2850 4259
368 302 427 344 102
455 277 466 304 “

751 303 780 348 Ρ.
802 300 939 344 nentem

365 428 488 498 Moneo,
513 444 591 502 quae
613 445 736 505 possum
759 435 815 504 pro
837 445 905 486 mea
926 423 1091 504 sapientia:

363 517 518 575 Postremo
541 525 693 593 tamqnam
716 514 748 575 in
771 518 926 594 speculum
947 513 980 575 in
1004 513 1128 592 patinas,
1153 516 1263 585 Demea,

364 606 516 681 Inspicere
539 603 630 665 iubeo
653 615 684 665 et
706 613 817 666 moneo
841 603 914 682 quid
937 606 1015 665 sacto
1039 605 1110 664 iistis
1133 601 1178 664 sit.

363 695 470 771 Inepta
492 695 568 755 haec
590 714 664 768 esse,
689 702 746 754 nos
769 713 846 772 quae
870 693 1007 767 facimus,
1032 692 1149 753 sentio:

1249 710 1306 766 430

365 785 479 842 Veram
503 782 575 859 quid
599 783 714 845 facias?
750 789 783 843 ait
805 785 935 857 homost,
959 782 1001 842 ita
1023 790 1139 843 morem
1160 799 1246 858 geras.

366 873 522 948 Numquid
544 870 611 933 uis?
647 875 712 934 DE.
737 875 873 932 Mentem
896 872 984 933 uobis
1006 871 1160 933 meliorem
1182 867 1249 929 dari.

365 962 426 1022 SY.
451 961 499 1021 Tu
524 968 576 1023 reis
605 961 676 1023 hinc
705 960 785 1022 ibis?
820 964 886 1023 DE.
912 965 1020 1022 Recta.
1066 963 1125 1022 SY.
1150 962 1223 1019 Nam
1245 957 1311 1035 qnid

810 1061 849 1114 tm
867 1051 918 1111 hic
939 1070 1019 1129 agas,

364 1137 426 1199 Vbi
449 1139 550 1217 siquid
572 1142 651 1203 bene
674 1138 847 1218 praecipias,
872 1159 962 1201 nemo
986 1139 1197 1218 obtemperet?

364 1230 429 1290 DE.
452 1230 518 1307 Ego
539 1236 613 1292 uero
639 1229 711 1290 hinc
740 1232 827 1303 abeo,
859 1231 981 1307 quando
1014 1228 1047 1303 is,
1078 1248 1168 1306 quam
1197 1228 1312 1287 obvrem

812 1320 873 1381 huc
895 1325 1046 1392 ueneram,

401 1664 463 1717 427.
494 1656 620 1717 sapientia
652 1651 667 1704 ὲ
697 1653 822 1704 anfibolo·

366 1725 432 1789 gico‚
448 1722 541 1791 perche
554 1726 600 1792 qui
612 1727 673 1776 vuol
686 1727 741 1776 dire
757 1746 769 1769 c
783 1743 823 1775 sa·

367 1813 427 1862 pere
443 1816 455 1839 ι
476 1814 490 1847 e
511 1818 523 1841 α
544 1805 619 1863 gusto
641 1817 662 1859 ι,
685 1797 728 1848 del
746 1798 823 1864 quale

367 1867 459 1917 ultimo
480 1883 532 1917 non
557 1866 609 1934 pub
636 1885 754 1919 mancare
782 1870 824 1918 chi

368 1938 534 2010 soprintepde
552 1940 603 1989 alla
622 1941 721 1990 cucina.

402 2008 464 2072 428.
478 2012 500 2061 E
520 2011 637 2062 evidente
655 2012 680 2060 la
692 2012 824 2077 piacevole

367 2079 495 2132 allusione
514 2082 539 2131 al
558 2098 685 2148 paragone
704 2083 769 2132 fatto
793 2084 826 2132 da

368 2151 468 2202 Demea
486 2154 529 2203 nel
548 2169 570 2203 v.
589 2163 651 2218 415.
808 2207 815 2224 ¹

403 2237 466 2286 429.
485 2225 552 2288 quid
558 2225 637 2288 facto
652 2239 720 2274 usus
741 2228 782 2276 sit.
802 2226 825 2274 E

368 2295 527 2346 costruzione
545 2296 654 2360 analoga
672 2313 687 2345 a
699 2297 787 2362 quella
799 2296 825 2344 di

368 2374 433 2430 opus
451 2374 495 2426 est,
516 2366 583 2417 sulla
601 2367 678 2433 quale
696 2368 744 2417 cir.
765 2378 825 2432 335.

368 2462 402 2472 -
430 2455 494 2487 usus
522 2440 555 2489 ha
579 2440 605 2489 la
633 2439 725 2488 sillaba
750 2438 826 2487 finale

366 2510 452 2558 breve.
466 2509 505 2559 La
523 2528 536 2560 s
554 2508 632 2560 finale
651 2527 694 2560 era
713 2510 767 2560 cosi
783 2511 826 2559 de·

367 2579 428 2630 bole
441 2580 510 2630 nella
522 2582 671 2647 pronuncia,
686 2582 733 2632 che
748 2581 828 2631 molte

368 2650 444 2709 volte,
459 2667 532 2703 come
551 2654 604 2719 qui,
618 2669 671 2703 non
691 2653 828 2702 costituiva

369 2722 507 2788 posizione.
527 2724 580 2774 Cfr.
600 2724 790 2774 Introduzione.

362 2825 364 2829 »
404 2806 466 2857 431.
485 2796 553 2859 quid
561 2796 677 2858 facias?
702 2796 749 2845 che
768 2796 828 2845 vuoi

368 2865 440 2915 fare?
460 2891 493 2903 -
520 2874 551 2916 ut
573 2868 723 2917 homost...
741 2884 825 2932 geras.

372 2957 384 2980 ι
398 2937 512 3002 Bisogna
529 2937 649 3003 navigare
668 2953 742 2989 come
760 2940 829 3004 spira

369 3006 388 3056 il
406 3017 483 3058 vento
504 3029 515 3052 ι
546 3026 561 3059 ο
591 3031 604 3055 ι
625 3010 697 3073 Lega
721 3009 741 3057 l'
756 3013 828 3059 asino

369 3078 434 3128 dove
452 3081 527 3131 vuole
540 3082 559 3130 il
572 3081 686 3146 padrone
704 3098 726 3130 ι.
745 3082 768 3131 E
782 3082 831 3132 let-

370 3150 534 3203 teralmente:
551 3173 562 3197 α
579 3152 697 3202 Secondo
710 3168 758 3201 son
771 3153 828 3202 fatti

369 3220 408 3285 gli
427 3223 534 3287 nomini,
554 3224 659 3274 adattati
684 3240 699 3272 a
722 3225 777 3273 loro
805 3243 828 3273 ι.

369 3294 409 3341 Lo
428 3295 530 3345 schlavo
555 3312 635 3363 pensa
663 3294 687 3344 al
712 3311 760 3344 suo
781 3311 827 3361 pa·

370 3364 462 3415 dronc.

407 3449 468 3500 432.
479 3438 622 3504 Numquid
629 3439 688 3488 uisi³
700 3439 753 3487 Cfr.
769 3450 829 3500 247.

374 3535 405 3545 -
425 3509 589 3559 Mentem...
610 3512 677 3570 dari,
697 3510 742 3561 scl.
762 3512 829 3569 uolo,

372 3580 508 3630 sottinteso
521 3597 567 3645 per
580 3580 600 3629 il
611 3582 653 3630 uis
666 3582 829 3647 precedente.

372 3646 421 3699 Pil
451 3652 643 3717 propriamente
673 3653 773 3703 Demea
803 3670 830 3703 a·

1254 1332 1310 1393 435

876 1658 970 1709 vrebbe
989 1657 1083 1706 dovuto
1110 1656 1253 1722 rispondere
1276 1671 1317 1703 ua·

876 1730 953 1787 leas,·
979 1728 1004 1777 la
1029 1734 1116 1777 nostra
1141 1728 1246 1793 risposta
1272 1722 1317 1792 pul

877 1816 959 1851 essere
978 1800 1144 1864 interpretata
1161 1814 1231 1848 come
1248 1813 1317 1861 segno

877 1873 904 1921 di
932 1868 1063 1920 iusticia>
1091 1871 1159 1920 forse
1183 1870 1276 1934 meglio
1297 1868 1318 1916 di

877 1942 1008 1992 bonomia.
1022 1941 1074 1990 Cfr.
1085 1942 1103 1990 il
1117 1942 1231 2008 paziente
1244 1940 1318 1990 studio

879 2014 949 2064 dello
973 2013 1160 2077 TschernjaeW‚
1189 2014 1267 2063 Ueber
1287 2012 1319 2064 die

879 2086 1021 2135 Redeweise
1045 2085 1088 2133 des
1113 2086 1209 2133 Demea
1232 2086 1260 2133 in
1281 2084 1319 2131 der

881 2158 907 2206 T
907 2156 1113 2205 crcnzianischen
1125 2156 1159 2203 K
1155 2157 1261 2203 omoedie
1272 2155 1319 2201 ‹A-

879 2228 982 2291 delphoe
1004 2245 1025 2287 ι,
1045 2226 1142 2287 Kasan‚
1166 2240 1239 2288 1900,
1258 2227 1319 2282 dove,

879 2299 959 2348 anche
975 2313 1023 2346 con
1042 2297 1183 2347 ilsussidio
1198 2298 1265 2348 della
1280 2296 1320 2344 lin·

880 2386 930 2433 gua
949 2370 1047 2435 parlata
1065 2370 1098 2418 da
1124 2370 1231 2430 Demea,
1249 2365 1263 2417 ὲ
1279 2369 1320 2417 ben

879 2441 1009 2490 delineata
1035 2440 1054 2488 il
1076 2449 1199 2491 carattere
1225 2441 1251 2489 di
1271 2437 1321 2504 quel

879 2512 984 2561 vecchio
997 2512 1087 2561 ruvido
1104 2528 1120 2562 e
1138 2512 1245 2562 bonaria
1263 2509 1321 2561 nello

880 2594 961 2634 stesso
980 2591 1077 2648 tempo.

916 2667 976 2718 433.
991 2654 1048 2703 Sim
1060 2655 1136 2705 vuole
1151 2654 1290 2704 assicurarsi
1300 2667 1321 2701 se

880 2726 901 2775 il
919 2725 1024 2775 vecchio
1042 2727 1133 2776 ritorni
1146 2723 1320 2792 injcampagna

881 2814 961 2862 eper
978 2794 1019 2846 cio
1040 2797 1121 2861 glielo
1147 2798 1280 2847 domanda.
1296 2821 1321 2830 -

881 2870 968 2927 Recta,
978 2869 1022 2918 scl.
1033 2870 1087 2919 uio.
1100 2890 1112 2913 ι
1124 2869 1321 2919 Direttamenle»

881 2939 971 3006 quindi
1004 2941 1123 2990 «subito
1148 2962 1170 2991 ι.
1203 2967 1236 2977 -
1265 2939 1322 2988 Nam

882 3012 970 3075 quid...
984 3011 1060 3060 Trad.
1073 3027 1079 3062 ε
1094 3012 1199 3071 Giusto;
1218 3013 1263 3061 che
1277 3023 1323 3058 cosa

883 3083 910 3131 in
929 3080 1011 3132 fatti...
1027 3111 1058 3119 -
1079 3100 1149 3147 agas,
1169 3082 1310 3149 potenziale.

918 3163 979 3217 435.
995 3153 1052 3202 Siro
1064 3150 1079 3201 le
1092 3162 1191 3203 entrato
1204 3156 1233 3204 in
1242 3154 1323 3207 cocina

882 3224 982 3274 Demea
1008 3221 1023 3273 ὲ
1052 3226 1157 3275 rimasto
1188 3226 1245 3275 solo
1272 3221 1325 3273 sulla

883 3312 966 3346 scena.
985 3322 1015 3331 -
1035 3298 1090 3362 Ego
1109 3313 1172 3346 uero
1194 3297 1255 3346 hinc
1271 3297 1324 3351 abeo,

883 3367 913 3427 si,
929 3384 970 3417 me
983 3384 1016 3417 ne
1035 3368 1121 3431 voglio
1140 3369 1244 3418 andare.
1263 3363 1324 3432 -lt'si

883 3440 1003 3502 quamob
1022 3456 1077 3487 rem
1095 3459 1132 3479 =
1155 3441 1186 3499 is,
1217 3440 1286 3490 cuius
1305 3434 1326 3483 ob

883 3526 947 3566 rem,
957 3526 972 3559 o
979 3516 1089 3575 propter
1102 3527 1184 3574 quem.
1194 3510 1248 3562 Cfr.
1255 3507 1325 3559 Andr·

884 3579 935 3643 382
946 3597 1052 3630 causam
1062 3598 1141 3645 quam
1151 3585 1260 3641 obrem,¹
1268 3582 1325 3630 Eun.

887 3661 936 3717 145
956 3668 1049 3703 causae
1067 3668 1147 3717 quam
1167 3655 1276 3705 obrem.
