2850 4259
503 275 672 320 unnurnon
1009 277 1068 338 ¹5³

109 406 167 467 tu.
186 394 251 482 Ego
273 422 311 465 eo
334 403 422 477 intro,
447 412 480 462 ut
500 420 578 480 quae
601 402 676 479 opius
690 406 760 462 sunt
774 412 934 479 parentur:
973 406 1007 461 tu
1021 402 1070 463 tac

374 493 407 554 ut
429 488 500 564 dixi,
524 496 550 551 si
572 490 661 568 sapis.

112 584 173 643 ΑΕ.
195 582 277 660 Quid
300 581 359 642 hic
382 587 427 641 est
449 577 577 657 negoti?
614 581 672 640 hoc
702 586 748 639 est
775 590 890 658 patrem
922 597 986 638 esse
1017 588 1068 639 aut

374 672 432 730 hoc
455 679 500 728 est
523 667 617 729 filium
641 669 727 728 isse?
817 728 819 732 .

104 758 141 821 si
161 760 251 820 friter
272 769 324 820 aut
344 757 456 819 sodalis
479 766 565 831 esset,
590 762 642 834 qul
669 756 764 835 magis
786 776 901 817 morem
931 757 1069 834 gereret?

109 847 168 910 Hic
190 858 253 909 non
274 848 442 907 amandus?
477 845 578 908 hicine
603 866 666 907 non
696 847 860 924 gestandus
889 844 921 905 in
955 843 1071 905 sinist?

376 937 457 996 hem.
1009 950 1072 1012 709
1114 967 1116 972 ,

107 1028 210 1103 ltaque
226 1025 304 1085 adeo
320 1044 458 1103 magnam
481 1023 523 1084 mi
546 1022 630 1085 inicit
645 1042 698 1084 sua
722 1022 936 1085 commoditate
955 1027 1068 1098 curam,

110 1117 155 1174 Ne
172 1117 249 1174 sorte
275 1114 440 1192 inprudens
463 1111 568 1174 faciam
585 1114 668 1191 quod
690 1117 783 1188 n011t;
822 1110 918 1173 sciens
941 1113 1069 1173 cauebo.

103 1413 131 1462 ssi
147 1414 211 1464 deve
236 1413 421 1464 sottintendere
442 1414 462 1461 il
484 1414 562 1463 corri-
654 1424 714 1476 709.
735 1413 833 1461 hicine:
846 1412 872 1460 la
884 1411 967 1476 prima
980 1411 1073 1461 sillaba

110 1486 250 1550 spondente
269 1501 296 1532 eo
315 1484 417 1533 innanzi
437 1501 453 1533 n
471 1487 561 1550 magis.
617 1479 632 1532 ὲ
649 1485 735 1535 breve.
755 1510 788 1520 -
800 1483 941 1548 gestandus
954 1484 983 1531 in
1003 1483 1073 1533 sinu.

102 1553 159 1605 Cir.
177 1557 247 1621 App.
272 1555 328 1604 crit„
349 1581 381 1590 -
398 1554 477 1620 quim
499 1572 560 1622 ego:
615 1538 810 1621 Eespressione
824 1553 948 1604 familiare
967 1569 981 1603 e
999 1560 1071 1603 tene·

102 1626 151 1676 cir.
169 1643 193 1677 v.
214 1637 258 1689 97.
616 1634 732 1676 rameute
750 1626 896 1674 affettuosa:
914 1624 973 1673 frasi
991 1624 1071 1673 simili

143 1698 204 1760 706.
223 1713 288 1761 quae
306 1705 370 1761 opus
388 1705 458 1755 sunt,
478 1714 524 1763 per
536 1697 561 1747 le
616 1713 681 1747 sono
694 1696 824 1762 frequenti
837 1695 863 1744 in
877 1694 1009 1753 Cicerone,
1023 1695 1071 1744 che

109 1783 198 1829 nozze3
225 1768 271 1818 cir.
289 1782 312 1817 11.
333 1779 393 1833 335.
418 1777 491 1833 opus,
511 1769 562 1819 due
616 1786 650 1818 ne
669 1784 715 1816 usa
733 1767 836 1832 persino
854 1766 973 1816 insenso
992 1773 1071 1815 meta-

102 1839 184 1889 -brevi
218 1865 252 1875 -
280 1838 333 1904 fac
364 1847 401 1897 ut,
432 1839 560 1903 pirrichio‚
616 1839 704 1890 [orico.
715 1838 769 1888 Cir.
782 1838 857 1887 Fam,
872 1851 910 1898 14,
921 1852 946 1898 4,
958 1849 973 1901 3
988 1837 1075 1898 Quid)

105 1909 189 1975 peria
205 1910 281 1973 legge
299 1909 368 1960 delle
380 1910 468 1975 parole
481 1910 562 1974 giam·
619 1911 705 1960 Cicero
731 1925 802 1958 meus
828 1909 895 1972 quid
919 1912 998 1971 aget)
1026 1908 1074 1957 iste

107 1982 188 2031 biche.
210 2006 242 2016 ·-·
263 1981 309 2029 hoc
333 1988 372 2029 est
389 1988 491 2046 patrem
510 1997 562 2030 esse
615 1997 676 2030 vcro
690 1981 726 2029 sit
743 1981 771 2028 in
784 1981 844 2027 sinu
857 1986 955 2043 lantper
970 1986 1073 2028 etcum-

102 2059 154 2101 aut
163 2053 209 2100 hoc
223 2051 355 2116 estfilium
368 2056 437 2100 esse)
449 2052 562 2102 Eschino
612 2049 695 2116 pleuu
710 2066 764 2098 meo
781 2050 808 2113 (‹
820 2049 880 2115 Egli
893 2050 929 2098 mi
942 2049 991 2098 stia
1003 2063 1071 2098 sem·

108 2117 122 2169 l
140 2128 288 2173 veramente
310 2122 486 2187 mernvigliato
508 2123 562 2172 del·
616 2139 661 2188 pre
679 2121 707 2171 in
725 2120 833 2185 grembo
856 2136 869 2170 e
892 2127 930 2170 tra
954 2121 979 2170 le
999 2121 1073 2169 brac·

109 2193 286 2258 l'indulgenza
304 2193 399 2242 edella
412 2194 561 2243 condiscen-
616 2194 656 2243 cia
671 2211 692 2253 ι,
711 2192 815 2241 traduce
836 2191 855 2239 il
868 2190 1019 2255 Bandiera);
1039 2191 1077 2238 ad

98 2264 183 2314 -denza
201 2264 229 2312 di
242 2264 362 2327 Micione,
382 2264 401 2313 il
414 2264 499 2330 quale,
513 2281 562 2330 pur
615 2264 694 2313 Brut.
725 2278 745 2323 1,
771 2272 796 2325 7,
822 2275 837 2310 2
866 2263 989 2313 Bibulum
1018 2259 1076 2311 noli

107 2350 253 2399 possessore
263 2335 332 2384 della
340 2337 431 2399 patria
437 2343 560 2400 potestas,
615 2336 743 2384 atlinrittere
762 2350 774 2381 e
792 2334 853 2383 sinu
873 2341 933 2394 tuo;
956 2333 1032 2383 Catil.
1049 2344 1073 2392 2,

107 2406 130 2455 la
154 2406 233 2473 quale
257 2407 367 2456 rendeva
390 2406 418 2454 in
443 2406 527 2456 antico
552 2407 562 2455 i
619 2418 657 2464 10,
679 2419 730 2463 223
751 2419 810 2463 ecc„
830 2420 853 2465 e,
872 2404 899 2453 in
919 2419 994 2454 senso
1006 2402 1073 2468 figu-

103 2478 176 2542 padri
202 2473 249 2542 pil
275 2476 354 2526 severi
380 2493 394 2527 e
417 2477 493 2541 rigidi
514 2477 562 2528 che
615 2483 678 2540 rato,
704 2476 783 2525 Tusa.
804 2484 827 2538 5,
852 2487 875 2535 2,
902 2485 935 2539 53
960 2490 1011 2524 ecc.
1039 2497 1073 2510 --

103 2563 157 2597 non
175 2549 201 2597 ai
227 2548 311 2612 giorni
336 2547 417 2597 nostri
442 2547 501 2610 (cfr.
525 2564 561 2597 nn
615 2548 689 2596 hem:
709 2546 755 2596 cfr.
774 2562 798 2596 v.
819 2546 878 2595 260.

106 2620 211 2668 articolo
231 2627 333 2669 recente
352 2620 379 2668 di
391 2619 414 2683 J.
429 2619 557 2678 willens,
663 2631 723 2683 710.
761 2618 935 2667 commoditate
968 2614 983 2665 l
1014 2613 1071 2664 solo

103 2689 177 2755 Coup
194 2690 272 2738 doeil
286 2705 334 2739 sur
352 2687 477 2740 iitcna'ue
489 2691 520 2739 de
532 2689 560 2738 la
614 2705 703 2756 presso
722 2706 737 2739 a
755 2703 821 2754 poco
834 2703 879 2752 per
897 2687 1068 2752 indulgentia,

104 2762 243 2824 puissancc
263 2762 409 2824 paternella
431 2757 448 2809 ὰ
472 2757 557 2819 Romi,
606 2760 749 2826 facilitate,
761 2755 855 2824 parchi
867 2760 1031 2808 commoditas
1046 2757 1076 2807 in

104 2830 131 2880 in
149 2831 186 2880 Le
205 2827 297 2880 Music
314 2832 389 2896 belge,
405 2843 429 2894 3,
447 2847 491 2897 pp.
506 2844 558 2893 214
614 2838 706 2896 questo
725 2846 784 2879 caso
802 2829 878 2879 vuole
897 2828 919 2878 si
937 2829 992 2878 dire
1011 2843 1075 2878 con·

99 2917 168 2966 agg„
190 2900 243 2951 282
262 2917 327 2965 εςς,
339 2898 438 2966 dovae
456 2901 520 2951 satta
533 2902 558 2951 la
614 2902 790 2963 discendendo¹
811 2916 853 2949 ma
877 2900 964 2966 quella
982 2899 1072 2948 condi·

102 2973 181 3022 storia
200 2972 271 3022 dello
290 2973 411 3036 svolgersi
432 2972 501 3022 della
508 2980 558 3037 po·
614 2973 757 3023 scendenza
769 2973 817 3021 che
830 2987 905 3021 nasce
924 2971 957 3020 da
971 2977 1071 3020 cortese

102 3044 157 3092 tria
172 3050 289 3107 potestas
307 3044 376 3093 dalla
398 3044 481 3092 Roma
508 3044 560 3109 pri·
614 3040 745 3094 affabiliu.
774 3041 835 3092 Non
859 3042 959 3092 diverso
983 3040 1071 3090 valore

102 3114 193 3164 mitiva
220 3112 315 3163 au'etl
340 3114 473 3180 imperiale
498 3131 512 3164 e
534 3114 560 3164 ni
614 3115 647 3164 ha
660 3114 806 3163 commodus
823 3114 884 3163 aiv.
899 3112 1071 3176 783,enella

104 3184 181 3249 primi
200 3184 279 3234 secoli
290 3184 394 3235 dell’etl
407 3183 558 3250 bizuntina),

98 3270 147 3304 era
165 3271 215 3305 con
228 3255 248 3304 il
261 3254 386 3320 figlinolo,
399 3252 444 3322 pii
459 3256 506 3306 che
522 3272 558 3307 un

105 3326 192 3390 padre,
212 3342 248 3375 un
267 3326 367 3378 fratello
385 3342 402 3376 0
414 3343 450 3377 1111
467 3328 565 3377 amico.⁴

106 3394 161 3447 Cir.
181 3396 202 3446 il
219 3412 242 3447 v.
263 3405 394 3462 seguente.

141 3466 202 3530 708.
229 3469 290 3532 qui:
318 3468 364 3519 cir.
390 3485 413 3518 v.
440 3478 500 3534 254.
523 3494 557 3506 -

102 3541 194 3604 magis,
225 3538 354 3604 pirrichio.
391 3565 426 3576 -
463 3556 558 3590 morem

98 3617 222 3674 gereret:
240 3609 286 3661 cir.
306 3624 365 3675 214,
384 3623 446 3676 431.

614 3201 690 3250 prosa
702 3185 822 3246 classica;
835 3183 960 3234 Cicerone
970 3183 996 3232 lo
1009 3198 1071 3233 con·

615 3263 740 3322 trappone
752 3256 786 3305 ad
798 3256 958 3305 inhumanus
976 3252 1071 3320 (Verr.

615 3340 639 3390 3,
660 3340 684 3389 9,
705 3324 760 3392 23).
779 3326 904 3376 Traduci:
926 3325 1070 3391 «compiu-

613 3413 691 3449 cenza
713 3416 735 3448 ι.
756 3424 789 3433 -
809 3413 865 3454 sua,
886 3412 984 3447 monos.

650 3479 710 3532 711.
739 3469 820 3518 sciens
846 3469 956 3517 cauebo:
982 3483 1073 3534 sapen·

614 3540 684 3660 dolto,
708 3555 761 3589 non
786 3540 813 3589 lo
839 3536 902 3589 farti.
928 3538 981 3590 Cir.
1003 3540 1074 3624 App.

613 3626 671 3660 crt.
