2850 4259
539 239 707 282 Aneeeuoe
1041 239 1100 300 215

143 363 228 426 Huic
249 366 358 427 demus
380 364 432 443 qui
462 367 585 426 fruetur.
631 366 690 427 ΜΙ,
714 365 871 424 Paululum
898 363 929 424 id
951 367 1105 425 aetemst?

588 456 652 514 DE.
677 451 722 514 sit
745 453 881 527 multem,
905 463 1007 514 tamen
1039 470 1101 531 950

139 540 378 606 Faciendums't:
413 565 468 623 pro
493 553 577 622 patre
607 545 679 603 huic
709 552 763 616 est,
797 544 894 602 bonus
916 552 970 616 est,
1003 551 1104 602 noster

587 642 640 705 est,
664 639 745 692 recte
769 632 865 691 datur.

140 724 300 783 Postremo
330 741 393 783 non
423 741 526 782 meum
555 722 630 780 sslud
660 722 787 781 uerbum
822 719 907 796 facio,
943 721 1026 799 quod
1060 730 1101 796 tu,

585 808 688 883 Mici0,

141 1094 255 1161 peggiol
273 1095 323 1144 Per
341 1090 382 1143 cio
401 1093 437 1141 fin
458 1094 490 1143 da
508 1101 598 1159 queste

141 1166 228 1232 prime
255 1165 344 1230 parole
372 1165 426 1230 egli
452 1166 475 1214 si
503 1175 598 1215 mostra

138 1236 316 1286 arrendevole.
336 1262 368 1271 -
385 1237 470 1301 Agelli
486 1237 597 1299 dipende

138 1311 174 1356 da
188 1308 341 1372 paululum.
356 1307 499 1371 paululum
518 1304 532 1356 ὲ
550 1308 597 1357 lez.

140 1378 271 1427 concorde
301 1377 344 1427 dei
380 1394 449 1435 mss„
481 1386 598 1429 attestata

652 1094 711 1143 altri
730 1095 827 1159 esempi
846 1094 872 1142 di
893 1092 993 1158 sincopi
1018 1094 1104 1144 metri·
1172 1125 1175 1130 ‹

652 1166 700 1215 che
727 1165 753 1214 le
777 1171 837 1214 note
861 1165 885 1213 ai
910 1180 948 1214 vv.
976 1175 1016 1226 72,
1044 1175 1103 1229 254,
1142 1215 1145 1222 ,

653 1248 714 1299 742.
726 1237 798 1285 Deve
813 1250 895 1285 essere
908 1241 976 1284 certo
990 1235 1104 1299 sfuggita

652 1315 743 1373 questa
764 1307 863 1357 lezione
882 1305 924 1355 dei
946 1306 1027 1355 codici
1053 1306 1109 1356 allo

652 1379 787 1443 Stampini,
808 1394 835 1427 se
854 1378 906 1443 egli
918 1377 944 1425 la
962 1377 1067 1427 difende
1079 1378 1105 1425 al

39 1467 42 1472 ’
140 1449 225 1499 anche
235 1449 268 1496 da
278 1448 473 1497 Arusianoeda
485 1450 598 1514 Donato,
653 1466 676 1499 v.
696 1449 756 1512 980,
778 1467 791 1499 e
810 1464 863 1497 non
882 1449 907 1496 la
925 1444 1106 1498 menzionane

140 1519 273 1569 sostituita
291 1536 341 1568 con
353 1522 467 1585 paulum
481 1521 513 1568 da
526 1522 599 1585 quasi
653 1537 717 1587 pure
730 1520 782 1587 qui,
797 1521 861 1569 dove
875 1515 919 1584 pie
933 1519 1008 1569 facile
1021 1535 1054 1569 ne
1067 1536 1104 1570 sa·

143 1591 206 1642 tutti
226 1591 263 1654 gli
285 1592 377 1641 editori
401 1589 502 1655 (anche,
525 1600 599 1641 natu·
652 1592 731 1641 rebbe
750 1599 815 1641 stata
828 1592 853 1639 la
866 1590 953 1640 difesa.
969 1618 1000 1626 —
1015 1591 1105 1640 locitas

142 1662 280 1720 rahnente,
300 1661 343 1711 nel
361 1678 384 1712 v.
409 1660 476 1727 seg.)
494 1665 599 1728 pervia
644 1662 746 1726 foras:
773 1671 799 1712 tu
819 1661 893 1711 affitti
912 1669 1022 1726 agente
1041 1669 1104 1711 stra-

140 1733 186 1783 del
206 1740 297 1783 metro.
320 1733 360 1782 Lo
379 1733 485 1782 Sloman
504 1734 598 1783 misura
653 1734 731 1783 niera.
751 1734 778 1783 Si
797 1733 851 1782 noti
867 1740 963 1797 quanto
981 1740 1105 1797 opportu-

142 1807 223 1854 breve
236 1803 347 1853 l’ultima
360 1804 459 1863 sillaba,
473 1819 598 1853 noncon-
652 1814 773 1855 namente
809 1805 881 1853 siano
919 1804 984 1854 usati
1020 1804 1104 1869 agelli,

138 1875 280 1925 siderando
299 1871 356 1924 eioe
374 1875 399 1923 la
417 1876 555 1940 posizione.
575 1879 598 1927 E
648 1877 799 1940 paululum,
819 1876 908 1923 locitas
931 1872 957 1940 (‹
980 1881 1008 1923 tu
1026 1891 1054 1924 as
1072 1875 1105 1925 de

140 1963 172 1995 va
191 1947 276 2004 bene3
295 1962 337 1994 ma
355 1962 407 1995 non
422 1948 547 2012 potrebbe
560 1964 597 1997 es·
644 1947 678 1995 11
697 1947 774 2011 peine
793 1945 807 1995 1
825 1946 898 1995 louer
912 1963 934 2005 ι,
954 1961 1028 1995 come
1041 1947 1104 1996 trad.

144 2034 202 2068 sere
221 2032 285 2082 pure
305 2018 351 2067 che
370 2017 440 2067 nella
458 2019 599 2083 pronunzia
652 2020 672 2069 11
690 2019 805 2067 Thomas
825 2032 912 2082 presso
931 2016 950 2064 il
968 2016 1062 2065 Plessis
1081 2034 1104 2066 a.

140 2089 167 2138 le
186 2088 238 2137 due
259 2088 350 2137 ultime
373 2087 463 2138 sillabe
483 2089 510 2137 di
529 2099 597 2153 pau-

141 2159 228 2208 lulum
256 2166 388 2224 potessero
417 2176 500 2209 essere
531 2160 598 2210 forse

142 2230 305 2281 considerate
336 2230 410 2296 quasi
447 2245 498 2279 una
535 2231 597 2293 sola,

140 2298 301 2366 *pau-Mum
320 2300 385 2363 (non
399 2303 531 2365 paullum,
551 2303 598 2353 che

141 2368 156 2420 ὲ
176 2373 228 2421 ben
247 2372 312 2420 altra
330 2370 432 2436 forma),
455 2389 482 2422 se
504 2369 518 2421 ὲ
536 2389 597 2422 vero

138 2444 189 2493 che
209 2443 251 2492 nei
269 2443 416 2492 diminutivi
441 2444 458 2491 l’
470 2462 487 2492 u
512 2446 598 2494 medio

140 2531 185 2565 era
205 2521 277 2563 tanto
296 2514 396 2573 debole,
422 2515 469 2564 che
487 2516 598 2579 permise

139 2586 188 2636 che
207 2585 241 2634 da
255 2583 398 2643 ‘uinulum,
419 2603 444 2651 p.
460 2602 504 2649 es,
524 2585 596 2650 'pue-

140 2660 212 2712 rula,
227 2657 249 2705 si
268 2656 369 2705 venisse
387 2656 437 2707 alle
456 2657 539 2707 forme
558 2675 597 2706 as·

140 2727 253 2778 similate
285 2727 388 2785 uillum,
421 2729 522 2792 puella,
553 2745 599 2794 per

138 2800 166 2849 la
181 2798 263 2848 trafila
275 2814 290 2845 a
307 2806 388 2863 punto
404 2799 430 2847 di
451 2797 596 2859 'ui-n·lum‚

139 2869 293 2935 *pue-reae*
305 2867 365 2918 Cosi
376 2869 501 2935 potrebbe
515 2886 597 2920 essere

138 2940 297 3006 giustificato
319 2941 401 2992 anche
419 2941 438 2989 il
456 2941 598 3005 paululum

139 3013 184 3061 dei
209 3012 284 3061 codd.
309 3012 333 3060 al
363 3028 387 3061 v.
416 3010 476 3074 980,
505 3008 598 3077 perche

141 3099 197 3133 non
224 3082 335 3132 avrebbe
366 3078 411 3148 pie
439 3083 544 3146 ragione
571 3084 598 3131 di

141 3155 250 3204 esistere
268 3153 295 3202 la
312 3150 438 3202 difficolt&
450 3155 556 3213 rstmica,
570 3170 598 3203 se

139 3222 156 3274 ὲ
170 3241 222 3274 una
234 3241 294 3275 vera
306 3222 438 3284 difficolth,
458 3240 505 3290 per
517 3225 598 3290 quelli

141 3297 190 3346 che
214 3294 273 3361 (cfr.
296 3295 422 3346 Dziatzko
441 3295 466 3343 al
490 3312 515 3346 v.
533 3294 597 3360 971)

139 3367 283 3418 eseludono
290 3367 334 3417 nel
339 3367 477 3415 settenario
487 3368 598 3416 trocaico

141 3440 210 3487 l'uso
216 3439 244 3487 di
253 3438 340 3504 parole
348 3437 482 3488 dattiliehe
490 3439 523 3487 da
534 3446 598 3489 tutte

139 3510 166 3559 le
182 3509 237 3558 sedi
256 3509 304 3558 che
323 3525 375 3558 non
393 3510 466 3558 siano
478 3510 503 3558 la
515 3510 598 3575 prima

137 3581 194 3631 ela
212 3581 312 3647 quinta.
332 3579 386 3630 cfr.
404 3580 448 3630 del
466 3589 534 3630 resto
553 3596 599 3647 per

652 2088 683 2154 l.)
712 2106 727 2137 a
754 2087 892 2137 diminuire
920 2087 936 2135 1’
947 2088 1106 2152 importanza

652 2160 696 2211 del
714 2161 791 2210 dono.

689 2242 750 2295 950.
764 2232 810 2295 qui
826 2251 861 2271 =
875 2246 932 2294 que,
952 2224 1007 2278 ciob
1021 2238 1052 2279 ut
1062 2242 1105 2291 eo;

652 2302 697 2352 cfr.
711 2318 735 2352 1.
749 2311 808 2366 254,
820 2308 888 2360 nota,
902 2317 916 2349 e
929 2299 1012 2352 Plaut.
1027 2301 1105 2350 Trin.

652 2383 702 2438 355
723 2375 809 2422 Deum
828 2374 928 2421 uirtute
946 2373 1065 2422 habemus
1083 2380 1108 2421 et

652 2446 700 2509 qui
717 2451 816 2492 nosmet
834 2450 949 2493 utamur.
972 2468 1001 2477 —
1018 2443 1105 2507 frua·

653 2523 706 2564 tur.
718 2514 741 2563 11
750 2514 846 2580 podere
859 2514 963 2578 dunque
976 2513 1106 2562 rimaneva

653 2602 755 2652 sempre
772 2592 788 2635 'a
807 2584 933 2648 Micione;
952 2584 1053 2648 Egione
1072 2600 1106 2634 ne

652 2658 763 2707 avrebbe
781 2663 858 2706 avuto
876 2655 933 2704 solo
951 2655 967 2702 1·
979 2656 1105 2719 usufruc-

653 2737 703 2779 tus.
714 2729 764 2778 Per
772 2729 791 2777 il
801 2727 962 2792 reggimento
971 2726 1015 2775 del
1027 2726 1105 2776 verbo

652 2799 744 2850 cfr.'la
762 2808 823 2848 nota
843 2800 866 2847 al
886 2814 909 2847 v.
929 2795 988 2859 876.
1008 2822 1042 2832 -
1059 2813 1106 2846 au·

652 2879 720 2921 tem:
739 2870 784 2921 cfr.
799 2887 821 2919 v.
844 2868 906 2935 185.
921 2868 1066 2919 Paululum
1078 2868 1110 2917 id
1190 2884 1192 2888 ’

652 2947 785 2991 autemst)
801 2942 892 2991 Trad.:
915 2959 928 2984 ι
942 2940 982 2989 Lo
1000 2940 1051 2989 dici
1070 2955 1106 2989 un

652 3013 739 3078 palmo
753 3012 779 3061 di
793 3016 874 3063 terra?
886 3031 908 3062 ι.
929 3037 962 3046 -—
979 3011 1021 3060 Sit
1038 3011 1105 3061 mul·

652 3091 726 3132 tum:
745 3083 790 3133 cfr.
808 3085 876 3150 App.
895 3083 950 3133 crit.

688 3163 749 3218 951.
778 3156 844 3214 huic,
873 3151 929 3204 cioe
956 3170 971 3203 a
998 3150 1105 3202 Panfila.

652 3226 752 3275 Demea
770 3225 856 3274 indica
877 3241 925 3275 eon
948 3225 967 3273 il
988 3232 1061 3288 gesto
1080 3223 1106 3272 la

652 3312 710 3344 casa
728 3296 755 3345 di
774 3295 894 3346 Sostrata.
914 3322 941 3331 —
954 3303 1041 3345 noster
1060 3301 1105 3352 est,

652 3382 726 3416 come
735 3367 886 3431 familiaris
905 3367 936 3416 ed
948 3366 1052 3421 adfinis.
1070 3391 1105 3401 -

652 3445 715 3488 est...
735 3444 799 3488 est...
819 3446 872 3487 cst:
891 3445 952 3486 nota
969 3436 1105 3486 l'anasora.

688 3519 749 3574 952.
768 3509 921 3558 Postremo:
938 3508 983 3557 cfr.
1003 3525 1026 3556 v.
1046 3519 1104 3570 123.

653 3605 686 3615 -
715 3581 839 3631 uerbum:
862 3580 945 3640 detto„
969 3585 1109 3640 sentenm,
