2850 4259
1025 290 1357 335 Anupnon
1516 306 1523 312 -
2057 292 2088 351 7
2104 290 2134 353 5

241 418 362 495 Ego
423 414 536 477 iam
603 426 900 478 transacta
944 422 1032 477 <re
1100 426 1452 499 conuortam
1520 422 1620 476 me
1684 417 1932 477 domum
2000 435 2139 477 cum

1110 506 1384 567 obsoni0.
1622 506 1625 510 ’

239 595 355 657 CT.
419 598 520 670 Ita,
572 602 840 674 quaeso:
914 597 1158 674 quando
1203 598 1322 657 hoc
1350 597 1507 656 bene
1542 594 1839 669 successit,
1888 596 2137 656 hssarem
2183 643 2190 651 .

1108 687 1272 747 hunc
1317 690 1619 746 sumamfis
1663 684 1845 746 diem.

236 948 319 997 per
353 938 476 981 stare
511 948 542 979 a
593 947 784 981 mensa.
838 929 942 981 Cfr.
1002 941 1120 995 370,

235 1003 330 1066 376
365 1018 467 1067 sgg.
507 1030 573 1038 —
602 1004 732 1061 iube,
759 1002 1015 1068 pirrichiO.
1057 1030 1121 1039 —

235 1076 412 1123 sterni:
447 1070 476 1122 ὲ
512 1074 562 1122 la
600 1074 730 1123 frase
779 1074 986 1139 propria
1033 1089 1125 1139 per

236 1146 494 1210 esprimere
512 1145 938 1211 l’apparecchiare
956 1146 973 1194 i
993 1145 1118 1195 letti.

235 1218 410 1265 Heaut.
453 1226 546 1280 125
587 1218 738 1265 lectos
776 1224 1020 1277 sternere,
1047 1233 1122 1264 ce-

234 1304 347 1336 nam
381 1288 681 1351 adparare:
717 1286 822 1336 Cic.
850 1288 1000 1336 Mur.
1036 1287 1118 1351 36,

235 1368 292 1422 75
347 1363 534 1408 stravit
575 1358 836 1422 pelliculis
891 1359 1122 1407 haedinis

234 1430 428 1478 lectulos
444 1447 468 1487 ,·
515 1429 566 1478 V
560 1426 664 1478 err.
704 1443 750 1493 3,
789 1444 874 1491 44,
929 1440 1022 1492 105
1062 1436 1126 1478 ut

233 1501 284 1549 in
319 1502 474 1549 medio
492 1499 627 1563 foro
665 1502 762 1550 sibi
791 1502 910 1549 lecti
930 1509 1121 1550 sterne-

234 1580 408 1620 rentur
420 1590 442 1630 ,·
480 1586 580 1620 ecc.
625 1598 687 1608 —
715 1573 873 1631 nobis,
899 1588 992 1637 per
1017 1572 1120 1620 noi.

234 1642 426 1691 Donato
462 1642 515 1691 fa
550 1650 727 1693 notare
777 1643 816 1691 il
867 1650 988 1691 tono
1038 1659 1122 1691 su-

234 1714 382 1777 perbo
401 1730 428 1763 e
455 1713 728 1777 magnifico
755 1729 852 1763 con
872 1715 954 1763 cui
984 1714 1125 1779 parla

235 1786 280 1832 lo
303 1786 517 1834 schiav0.
552 1784 657 1836 cfr.
685 1784 787 1851 338
812 1802 844 1833 a
871 1788 1028 1834 nobis.
1056 1810 1121 1820 —-

235 1863 405 1915 cetera,
443 1872 533 1921 per
569 1856 620 1905 la
651 1873 841 1907 mensa.
881 1855 984 1906 Cfr.
1014 1857 1122 1906 l'es.

233 1924 310 1990 gih
345 1928 500 1978 citato
537 1928 590 1976 di
626 1930 819 1977 Heaut.
865 1938 979 1992 125.

297 1997 410 2047 286.
451 2002 572 2059 iam,
616 2000 816 2050 subito„
854 2025 920 2033 —
978 2006 1124 2047 tran-

234 2076 410 2120 sacta...
450 2086 508 2118 re
545 2066 574 2118 ὲ
612 2070 764 2118 modo
810 2069 1020 2119 classico
1071 2070 1124 2119 di

234 2141 496 2205 esprimere
534 2140 892 2199 l'acconciarsi,
921 2141 1124 2190 l’accor-

234 2212 354 2260 darsi
408 2214 464 2261 in
515 2229 587 2261 un
635 2214 801 2276 affare,
854 2212 892 2259 il
942 2211 1124 2261 finirla.

233 2280 327 2332 Cic.
371 2284 481 2333 Cat.
524 2297 571 2348 3,
608 2284 655 2343 6,
703 2294 760 2348 15
811 2284 955 2333 illud
990 2285 1133 2347 quod

218 2353 515 2415 faciendum
527 2357 762 2420 primum
767 2355 902 2420 fuit,
910 2353 1127 2417 factum

231 2431 372 2488 atque
406 2416 733 2476 transactum
770 2434 858 2476 est.
886 2425 1019 2474 Altri
1045 2441 1126 2474 co-

232 2497 386 2546 strutti
408 2497 549 2547 dello
569 2506 728 2547 stesso
747 2498 918 2561 verbo,
940 2513 967 2545 e
987 2497 1126 2547 nello

232 2571 379 2616 stesso
415 2567 720 2632 significato,
759 2584 886 2617 sono
924 2567 978 2616 in
1018 2567 1125 2617 Cic.

241 2637 377 2688 Verr.
419 2653 469 2703 3,
521 2652 604 2702 24,
654 2640 751 2699 603
806 2641 950 2688 Rosc.
1006 2656 1128 2690 com.

238 2706 307 2768 18,
335 2719 424 2774 553
448 2712 592 2759 Rosc.
620 2714 737 2760 Am.
762 2720 844 2774 51,
871 2722 996 2772 149;
1025 2726 1128 2760 ece.

232 2804 292 2814 —
345 2797 419 2843 re,
458 2782 490 2830 1’
513 2782 665 2832 affare
703 2797 798 2830 con
849 2782 887 2830 il
925 2782 1128 2832 lenone.

233 2876 293 2885 -—
323 2861 643 2902 conuertam.
671 2852 904 2903 Secondo
924 2853 1130 2902 Donato

233 2924 436 2975 sarebbe
499 2926 584 2973 un’
614 2924 932 2989 espressione
994 2941 1129 2974 arro-

232 3001 388 3059 gante,
429 3010 530 3045 con
568 2997 650 3045 eui
677 2996 789 3045 Siro
827 2996 869 3044 si
908 2997 1130 3046 darebbe

233 3078 297 3112 un
321 3082 445 3130 gran
473 3075 609 3116 tono·
650 3066 754 3117 Cfr.
781 3067 947 3116 Plaut.
971 3068 1127 3119 Stich.

231 3148 327 3196 402
368 3140 530 3199 Quom
557 3140 676 3188 bene
699 3153 756 3186 re
782 3146 926 3203 gesta
956 3139 1131 3188 saluos

233 3217 502 3266 conuertor
539 3206 758 3258 domum.
799 3236 865 3245 -
910 3211 1127 3270 obsonio,

234 3291 300 3340 gr.
336 3276 594 3346 ὀψώνιον,
631 3281 695 3330 da
729 3281 915 3333 servire
951 3297 1043 3346 per
1080 3281 1130 3330 la

1233 948 1436 983 mensa:
1457 926 1569 981 οἱοὲ
1589 932 1712 996 ogni
1738 931 1907 996 speeie
1927 931 1980 980 di
2003 947 2136 981 eom-

1231 1004 1483 1069 panaticO,
1500 1003 1595 1053 che
1614 1003 1775 1053 anche
1791 1019 1888 1052 una
1907 1003 2136 1067 famian

1232 1075 1399 1139 agiata
1417 1090 1522 1123 non
1544 1082 1727 1139 poteva
1748 1080 1916 1125 tenere
1939 1075 1993 1123 in
2009 1090 2136 1127 casa,

1233 1162 1377 1196 come
1415 1145 1434 1194 i
1483 1142 1573 1212 pih
1623 1146 1808 1195 costosi
1862 1146 2039 1209 generi
2088 1147 2138 1195 di

1231 1217 1465 1281 vegetali,
1481 1233 1527 1278 o,
1544 1216 1919 1282 specialmente,
1935 1217 1953 1266 i
1975 1219 2112 1282 pesci
2128 1235 2136 1271 ;

1231 1289 1318 1339 cfr.
1377 1288 1429 1337 la
1476 1296 1598 1338 nota
1646 1288 1709 1337 ad
1760 1290 2004 1337 obsonare
2053 1287 2132 1336 del

1231 1375 1276 1409 ν.
1323 1370 1435 1422 117.
1472 1362 1641 1410 Erano
1678 1374 1769 1424 per
1806 1358 1858 1407 lo
1894 1355 1986 1424 pih
2030 1359 2128 1408 eibi

1231 1431 1537 1490 stuzzicanti,
1550 1431 1685 1479 onde
1699 1431 1945 1481 Cicerone
1958 1429 2036 1492 (T
2035 1447 2136 1479 un,

1233 1510 1279 1565 5,
1323 1515 1405 1565 34,
1447 1500 1539 1567 97)
1576 1502 1716 1551 dice:
1771 1501 2030 1550 Socratem
2050 1503 2136 1563 fs:-

1231 1581 1412 1622 runt...
1470 1573 1793 1636 respondisse
1848 1588 1948 1621 se...
2004 1573 2136 1620 obm-

1233 1660 1362 1693 nare
1398 1644 1710 1693 ambulando
1732 1642 1953 1708 samem.

1306 1714 1425 1777 287.
1450 1717 1552 1775 Ita,
1568 1730 1771 1778 quaeso.
1802 1712 1870 1774 Si,
1886 1713 1939 1761 di
1958 1715 2138 1777 grazia.

1231 1787 1329 1836 Per
1387 1789 1461 1835 ita
1510 1784 1776 1851 particella
1834 1786 2140 1835 affermativn

1233 1857 1322 1908 cfr.
1353 1867 1469 1921 521,
1501 1866 1619 1921 570,
1648 1855 1766 1916 642,
1797 1856 1915 1920 655,
1944 1871 2045 1906 ecc.
2072 1883 2136 1891 -ι

1234 1929 1480 1977 hilarem:
1508 1928 1671 1976 forma
1700 1943 1851 1975 meno
1870 1927 2136 1993 frequente

1233 2000 1529 2049 nell'antico
1569 1998 1731 2047 latino
1771 1998 1888 2047 dell’
1902 1999 2031 2048 altra
2067 2003 2136 2047 fu·-

1233 2072 1398 2131 larus,
1438 2088 1485 2129 a,
1527 2087 1630 2127 um,
1658 2069 1752 2118 che
1776 2070 1823 2118 T
1829 2070 2027 2119 erenzio
2053 2085 2144 2119 usa

1234 2148 1637 2192 costantemente
1662 2139 1879 2199 altrove3
1907 2140 1996 2191 cfr.
2020 2150 2047 2203 7
2059 2143 2140 2204 55,

1235 2213 1353 2275 842.
1376 2214 1441 2262 V.
1460 2214 1492 2262 1’
1508 2214 1643 2278 App.
1664 2212 1772 2261 crit.
1795 2240 1858 2249 —-
1879 2228 2140 2260 sumamus

1234 2300 1678 2334 =consumamus
1698 2301 1715 2332 .·
1742 2283 1995 2348 passiamo
2018 2299 2140 2349 que*

1235 2362 1313 2405 sto
1352 2355 1531 2419 giorno
1578 2354 1633 2402 in
1683 2353 1908 2418 allegria.
1958 2356 2056 2404 Per
2108 2355 2140 2403 il

1236 2427 1406 2475 valore
1468 2433 1750 2492 pregnante
1810 2426 1866 2474 di
1924 2442 2136 2483 sumere,

1235 2498 1320 2547 nel
1359 2513 1507 2548 senso
1546 2497 1598 2545 di
1652 2516 1673 2539 ι
1718 2497 1982 2561 spendere,
2023 2512 2140 2545 cona

1236 2585 1452 2627 sumare,
1480 2569 1669 2633 godere
1687 2585 1729 2626 υ,
1758 2567 1847 2617 cfr.
1877 2566 1981 2631 854
2007 2568 2140 2615 hus-:tr

1235 2657 1501 2689 sumamus
1521 2640 1649 2688 diem
1660 2655 1681 2695 ,·
1700 2639 1891 2688 Heaut.
1910 2649 1992 2701 74,
2006 2639 2108 2703 465
2131 2655 2136 2695 ;

1237 2712 1393 2761 Phor.
1419 2709 1520 2774 832
1542 2727 1569 2759 e
1591 2709 1640 2758 la
1661 2717 1782 2758 nota
1800 2710 1851 2758 di
1877 2710 2140 2759 Dziatzku-

1236 2782 1468 2840 Hauler;
1507 2782 1631 2830 Hec.
1665 2791 1759 2845 25;
1792 2781 1956 2831 Plaut.
1985 2783 2037 2831 T
2035 2783 2136 2831 rin.

1235 2868 1376 2915 414;
1436 2853 1555 2903 Mil·
1609 2852 1726 2916 673,
1781 2854 1887 2915 674
1936 2850 2128 2917 (Ποῖ-Ἠ

1237 2926 1427 2975 Pseud.
1472 2922 1645 2973 1268b
1669 2944 1681 2988 3
1721 2940 1823 2974 ece.
1867 2945 1931 2958 —-
1983 2923 2140 2973 Ctesi-

1241 2996 1387 3045 fonte
1425 3004 1569 3045 entra
1606 2997 1659 3044 in
1684 3012 1799 3044 casa
1823 2996 1876 3044 di
1902 2995 2140 3047 Micione,

1238 3085 1266 3117 e
1304 3067 1416 3116 Siro
1456 3067 1497 3116 si
1523 3068 1718 3118 affretta
1751 3083 1781 3115 a
1806 3067 2140 3131 raggiungerae:

1235 3139 1479 3199 Eschino,
1506 3154 1650 3188 verso
1687 3138 1725 3187 il
1754 3138 1881 3188 fore.
1916 3138 2144 3187 Rimastn

1237 3217 1390 3259 vuota
1415 3210 1467 3259 la
1490 3226 1655 3270 scena,
1684 3209 1727 3258 si
1752 3216 1989 3275 presenta
2013 3209 2140 3275 Γομ-

1236 3278 1500 3347 Ροτὶιιῐιίῒὲι
1536 3282 1590 3331 di
1628 3282 1866 3332 chiudere
1901 3281 1935 3330 1·
1949 3287 2067 3331 att0.
