2850 4259
1018 296 1355 339 ADELPHOE

2027 298 2150 354 223

215 430 344 490 Ml.
390 426 558 503 Quid
600 426 806 487 istuc?
875 444 1031 503 quae
1078 445 1174 485 res
1218 432 1342 484 tam
1388 435 1639 503 repente
1669 434 1868 486 mores
1899 430 2159 484 mutaust

1119 523 1259 575 tuos
1282 516 1306 575 ?

218 604 410 682 Quod
439 602 821 682 prolubium?
870 608 1025 681 quae
1054 602 1242 664 istaec
1272 603 1526 663 subitast
1553 602 1829 682 largitas?
1890 606 2021 665 DE.
2053 602 2158 663 Di·

1123 700 1256 753 cz‘tm
1302 690 1453 753 tibi:
2030 695 2155 772 985

222 762 308 845 <st
346 782 415 843 id
484 780 884 856 ostenderem,
956 780 1123 858 quod
1183 791 1244 841 te
1306 780 1403 841 isti
1463 780 1699 841 facilem
1759 793 1821 842 et
1881 781 2161 860 festiuom

220 942 301 1022 id
356 979 484 1020 non
544 957 673 1019 fieri
721 921 808 1019 ‘ex
867 965 1011 1020 uera
1063 880 1446 1108 uiltgtagc’lue
1508 960 1664 1020 adeo
1719 978 1794 1020 ex
1842 978 2040 1037 aequo
2101 964 2164 1018 et

1174 1066 1314 1120 on0,

223 1368 392 1419 menti
430 1384 460 1416 a
509 1368 722 1418 Demea.
770 1367 869 1417 Per
899 1367 1145 1432 festinis-

210 1456 368 1491 sume
404 1439 497 1490 cfr.
535 1456 580 1487 v.
623 1438 742 1488 261.

302 1508 424 1572 984.
488 1513 640 1567 istuc,
702 1525 801 1559 con
866 1508 918 1558 la
974 1508 1144 1574 prima

216 1584 409 1642 ‘breve3
438 1581 529 1631 cfr.
557 1598 602 1630 v.
634 1592 718 1644 72.
746 1607 813 1617 -—
849 1596 981 1645 quae
1006 1596 1142 1631 res...

225 1654 496 1703 mutauit:
538 1672 563 1697 e
606 1669 699 1717 per
735 1651 857 1717 qual
894 1650 1143 1701 miracolo

226 1725 269 1774 ti
307 1723 383 1773 sei
423 1730 653 1774 mutate.
678 1759 725 1773 ..
772 1741 814 1773 υ.

304 1793 425 1858 985.
495 1794 795 1858 prolubium
820 1812 836 1843 :
911 1812 935 1837 c
1002 1793 1143 1857 quod

224 1866 420 1917 Graeci
445 1862 771 1929 προθυμίαν,
796 1865 850 1913 id
870 1873 947 1914 est
972 1880 1144 1929 prom·

223 1944 351 2005 ptus
388 1937 592 1985 animus
628 1937 693 1985 ad
744 1936 1070 2000 largiendum
1116 1954 1140 1979 ι

212 2006 513 2074 (Donato);
552 2008 616 2056 da
640 2008 886 2065 Varrone.
912 2006 975 2057 L.
1001 2006 1065 2056 L.
1093 2006 1145 2067 6,

217 2090 298 2142 47
341 2076 497 2144 (Sp.),
547 2078 703 2128 citato
742 2078 806 2127 da
854 2076 1028 2126 Nonio
1078 2076 1145 2142 (1,

226 2169 285 2219 p.
327 2162 395 2198 22
433 2148 625 2215 Man),
676 2148 704 2199 ὲ
742 2149 860 2198 data
909 2148 943 2196 l’
967 2148 1146 2198 etimo-

224 2221 374 2285 logia
416 2240 440 2263 c
474 2222 777 2285 prolubium
800 2256 840 2270 ..
860 2256 872 2270 .
930 2219 1031 2268 diei
1080 2219 1146 2268 ab

227 2308 298 2343 eo
336 2292 478 2357 quod
528 2291 706 2340 lubeat
748 2309 803 2353 »;
854 2289 947 2342 cfr.
985 2291 1147 2340 anche

228 2364 389 2413 Breal
425 2370 477 2412 et
511 2363 693 2426 BaiIly,
732 2380 776 2411 o.
804 2380 853 2412 c.-
872 2378 913 2411 s.
939 2378 986 2411 V.
1013 2363 1145 2413 libet.

225 2435 549 2483 ‘Vei-amente
594 2430 680 2483 c’e
729 2434 815 2482 un’
838 2432 1005 2483 antica
1063 2449 1148 2482 va-

226 2506 401 2556 riante
450 2505 779 2568 proluuium,
827 2505 945 2553 data
990 2504 1057 2553 da
1105 2504 1148 2552 B

220 2576 305 2625 C2
334 2576 385 2625 D
425 2576 486 2634 G,
525 2576 650 2625 Ietta
685 2576 751 2624 da
787 2576 996 2624 Donato
1022 2591 1051 2625 e
1084 2574 1150 2622 da

227 2646 414 2697 Servio
450 2644 539 2711 (ad
577 2650 709 2697 Aen.
748 2660 796 2711 3,
828 2644 954 2710 217)
990 2640 1146 2712 [pro-

226 2719 461 2779 luuium,
529 2717 850 2782 profusio
923 2716 1151 2766 dichiara

221 2789 413 2840 Nonio
450 2784 647 2853 stesso}
677 2806 705 2838 e
731 2790 785 2838 in
810 2788 984 2838 favore
1009 2786 1151 2837 della

226 2860 393 2927 quale
465 2861 700 2910 starebbe
764 2859 803 2909 il
865 2859 995 2908 fatto
1056 2858 1150 2908 che

213 2931 531 2998 prolubium
569 2946 675 2979 non
706 2931 749 2980 si
777 2938 919 2980 trova
956 2930 1009 2979 in
1038 2945 1151 2979 nes·

228 3017 371 3053 suno
390 3002 622 3051 scrittore
650 3002 862 3051 classico
889 3001 976 3051 nel
998 3017 1150 3051 senso

227 3078 419 3125 stretto
475 3072 613 3121 della
669 3073 866 3138 parola.
914 3073 1003 3121 Ma
1058 3088 1153 3137 per

227 3159 406 3195 essere
436 3144 740 3207 prolubium
786 3160 816 3192 a
852 3151 1017 3210 punto
1056 3143 1153 3194 lez.

228 3210 329 3283 pih
368 3213 598 3274 diffiaile,
638 3232 668 3265 e
712 3230 805 3280 per
843 3214 1056 3264 trovarsi
1100 3231 1151 3263 a·

229 3286 601 3349 nalogamente
637 3286 895 3350 collegato
919 3302 1016 3335 con
1043 3286 1150 3334 lar-

213 3359 375 3425 gitas
422 3357 477 3405 in
526 3372 600 3406 un
649 3372 795 3407 verso
842 3357 897 3406 di
956 3356 1153 3407 Cecilio

228 3430 311 3494 (5,
340 3441 438 3488 91:
483 3428 635 3489 Quod
655 3429 974 3493 prolubium,
1021 3443 1153 3491 quae

230 3499 504 3563 uoluptas,
541 3515 673 3563 quae
708 3507 756 3549 te
792 3499 955 3549 lactat
988 3498 1152 3563 largi·

221 3579 320 3621 tas
340 3573 400 3629 Ρ,-
454 3569 545 3619 cfr.
604 3572 749 3620 Scen.
806 3572 951 3620 Rom.
1005 3570 1150 3618 Poes.

225 3642 423 3707 Frag„
450 3641 530 3691 ed.
556 3641 837 3703 Ribbeckn,
878 3657 930 3707 p.
956 3639 1067 3706 42),
1108 3640 1150 3690 si

1250 1367 1319 1417 ha
1338 1367 1404 1416 da
1431 1366 1634 1416 credere
1655 1366 1749 1414 che
1774 1364 1831 1414 fu
1851 1365 2164 1430 proluuium

1252 1439 1302 1488 13
1342 1441 1431 1487 lez.
1466 1437 1723 1486 sostituita
1747 1437 1848 1485 3113
1883 1453 2016 1487 vera.
2056 1436 2163 1487 Cfr.

1252 1509 1415 1559 anche
1441 1509 1576 1559 Gell.
1608 1518 1655 1572 5,
1690 1522 1771 1569 10,
1818 1521 1877 1557 12
1904 1524 1933 1558 e
1968 1506 2046 1567 16,
2083 1521 2166 1569 19,

1260 1594 1340 1645 13.
1368 1605 1435 1614 —
1475 1596 1606 1643 quae
1641 1580 1824 1628 istaec.-
1861 1596 1955 1645 per
1986 1579 2038 1627 10
2064 1578 2170 1628 iato

1253 1669 1282 1701 e
1337 1651 1798 1701 l'abbreviamento
1847 1650 1931 1700 del
1982 1665 2163 1699 mono-

1254 1722 1443 1772 sillabo
1488 1722 1580 1771 cfr.
1629 1738 1675 1770 v.
1717 1731 1802 1783 97.
1851 1722 2022 1780 istaec,
2063 1735 2164 1770 con

1253 1794 1303 1844 la
1340 1795 1506 1859 prima
1541 1794 1731 1853 breve;
1770 1792 1859 1842 cfr.
1896 1809 1942 1841 v.
1985 1803 2070 1855 72.

1325 1864 1448 1927 986.
1487 1864 1556 1914 Vt
1589 1865 1651 1913 id
1681 1862 2011 1923 ostenderem,
2051 1860 2164 1913 cioe

1253 1952 1420 1985 mores
1482 1935 1690 1984 mutaui
1742 1950 1890 1993 meos,
1951 1949 1983 1983 o
2039 1950 2168 2000 pure

1255 2016 1359 2057 tam
1398 2007 1616 2071 largiter
1653 2006 1747 2070 egi,
1785 2019 1831 2063 0,
1878 2001 1969 2070 piii
2007 2022 2167 2070 gene-

1254 2079 1445 2137 ricam.‚
1484 2078 1606 2126 lzaec
1638 2076 1771 2141 feci,
1811 2084 1875 2125 ut
1907 2078 1969 2126 id
1999 2084 2166 2126 osten-

1256 2151 1441 2199 derem.
1463 2149 1524 2197 id
1545 2147 1572 2197 ὲ
1594 2147 1881 2212 proletticO.
1896 2173 1961 2183 —
1978 2149 2169 2212 quod...

1250 2227 1487 2285 putant:
1540 2221 1629 2268 cfr.
1677 2236 1724 2269 v.
1782 2218 1898 2268 162.
1947 2247 2007 2256 —-
2063 2220 2168 2269 isti.

1257 2291 1363 2353 Qui
1400 2292 1511 2348 iste,
1552 2285 1643 2355 pin
1683 2290 1777 2339 che
1824 2306 1973 2341 avere
2011 2290 2169 2353 signi-

1258 2361 1408 2411 ficato
1455 2361 1767 2427 spregiativo
1818 2362 1932 2418 (cfr.
1973 2377 2021 2410 V.
2066 2359 2170 2426 15),

1256 2448 1496 2492 accenna,
1553 2431 1777 2482 secondo
1834 2433 1870 2481 il
1928 2448 2022 2482 suo
2078 2428 2169 2497 pin

1256 2518 1478 2553 comune
1523 2503 1713 2562 valore,
1765 2519 1795 2552 a
1843 2500 1924 2552 οἰὸ
1973 2504 2069 2554 che
2106 2504 2175 2552 ha

1257 2575 1513 2625 relazione
1551 2591 1650 2625 con
1688 2575 1739 2623 la
1786 2591 2020 2640 persona,
2067 2574 2169 2623 alla

1257 2646 1409 2710 quale
1449 2645 1491 2694 si
1530 2644 1698 2712 parla:
1751 2666 1773 2688 e
1818 2646 1987 2712 questi
2028 2653 2094 2695 tu
2109 2645 2171 2694 oi

1256 2717 1399 2766 bravi
1437 2716 1723 2781 giovanotti
1767 2735 1812 2767 ι.
1853 2742 1918 2752 -
1946 2716 2172 2782 facilem

1258 2795 1308 2838 et
1324 2788 1583 2851 festiuom
1605 2804 1622 2835 .·
1660 2787 1750 2836 cfr.
1790 2803 1838 2837 V.
1881 2787 2002 2837 261.

1331 2858 1453 2921 987.
1512 2860 1615 2907 Jd:
1673 2854 1701 2907 ὲ
1766 2858 2048 2908 dichiarato
2111 2860 2178 2907 da

1259 2931 1448 2995 quod...
1482 2937 1684 2994 putant
1714 2930 2040 2994 precedente.
2078 2932 2178 2980 Per

1261 3018 1331 3050 un
1370 3000 1592 3065 analogo
1645 3000 1758 3065 giro
1805 3001 1859 3048 di
1903 3001 2036 3050 frase
2083 3001 2175 3050 cfr.

1259 3073 1277 3121 i
1304 3089 1380 3122 vV.
1410 3085 1515 3134 992
1543 3088 1654 3137 sgg.
1685 3097 1751 3106 -
1777 3088 1840 3121 ex
1879 3088 2006 3120 uera
2034 3072 2174 3122 uita.-

1260 3145 1325 3193 da
1361 3151 1493 3192 retto
1534 3150 1709 3193 tenore
1749 3142 1805 3191 di
1836 3143 1951 3203 vita,
1990 3142 2057 3191 da
2094 3143 2173 3192 in-

1260 3210 1447 3278 tegritb.
1496 3215 1550 3263 di
1600 3215 1719 3264 vita.
1773 3213 1971 3276 Questo
2021 3229 2174 3263 senso

1259 3286 1312 3334 di
1351 3301 1526 3343 uerus,
1567 3303 1658 3351 per
1697 3285 1736 3335 il
1780 3286 1933 3350 quale
1984 3299 2097 3334 esso
2145 3280 2175 3332 ὲ

1259 3355 1450 3421 uguale
1486 3373 1517 3406 a
1566 3365 1755 3416 rectus,
1815 3373 1847 3405 o
1884 3356 2077 3421 meglio
2125 3355 2176 3403 31

1260 3435 1440 3478 nostro
1470 3447 1494 3471 c
1525 3428 1870 3492 ragionevole.
1912 3427 2177 3477 conforme

1260 3514 1291 3547 a
1339 3500 1552 3563 ragione
1609 3519 1652 3562 n,
1712 3494 1740 3547 ὲ
1800 3500 2068 3565 frequente
2116 3498 2174 3546 in

1260 3576 1392 3621 tutta
1429 3571 1479 3619 la
1518 3568 1748 3633 latinitbq
1796 3570 1887 3623 cfr.
1927 3571 2068 3622 Serv,
2107 3570 2172 3617 ad

1261 3643 1393 3693 Aen.
1441 3654 1520 3706 12,
1561 3641 1668 3707 694
1708 3662 1732 3687 α
1758 3658 1993 3693 verum...
2033 3640 2177 3707 quod
