2850 4259
540 289 707 334 anthenor

510 587 566 646 SC.
588 587 625 645 10
643 589 685 657 [V,
706 589 737 659 3]
757 639 759 643 ,

375 788 537 858 samso

404 910 513 962 sertas

682 801 872 874 nausa

769 914 796 963 II

136 1131 195 1188 Ml.
221 1131 326 1188 Parata
339 1147 367 1197 a
388 1125 476 1188 nobis
499 1133 578 1202 stmt,
602 1127 643 1188 ita
665 1130 698 1190 tt
721 1127 792 1201 dixi,
818 1131 971 1191 Sostrata:

136 1216 199 1277 Vbi
223 1222 320 1279 uls...
346 1216 411 1295 quis
434 1237 504 1277 nam
527 1236 613 1278 ame
636 1217 752 1297 pepulit
774 1228 836 1279 tam
855 1217 984 1296 grauiter
1006 1217 1104 1280 soris?

169 1429 234 1487 1111,
248 1441 286 1477 so.
299 1424 344 1492 [V,
359 1423 396 1495 3].
407 1428 520 1477 Micione
533 1443 590 1478 esce

133 1500 205 1549 dalla
224 1514 283 1549 casa
299 1499 326 1548 di
344 1499 466 1560 Sostrata,
479 1499 535 1547 dov'
547 1515 590 1549 era

133 1577 236 1621 entrato
260 1568 295 1636 (v.
315 1569 387 1634 757),
406 1586 452 1636 per
469 1569 524 1619 dire
543 1570 590 1620 che

132 1650 202 1692 tutto
222 1657 265 1691 esa
288 1648 381 1707 pronto
405 1657 451 1708 per
469 1641 494 1690 le
513 1657 590 1692 nozze

131 1712 167 1778 (v.
195 1711 269 1778 719).
297 1714 508 1779 Accompagnato
532 1714 589 1763 sino

130 1785 184 1834 alla
211 1790 285 1850 porta
309 1784 341 1832 da
360 1783 489 1842 Sostrata,
508 1785 533 1835 le
556 1783 588 1833 ri·

131 1857 212 1920 volge
230 1871 323 1904 ancora
335 1856 417 1922 poche
435 1856 531 1920 parole.
546 1855 589 1905 nel

130 1935 223 1992 tempo
252 1934 332 1976 stesso
363 1927 421 1977 che.
440 1926 460 1975 il
488 1926 588 1976 fratello

130 2014 192 2048 esce
204 1997 345 2047 furibondo
358 2014 373 2047 a
386 2004 467 2064 punto
485 1998 518 2047 da
530 2014 589 2047 casa

130 2085 186 2120 sua.
206 2069 307 2119 Metro:
328 2070 431 2118 senario
446 2069 578 2134 giambiea.

168 2137 344 2204 787.'Parata
355 2157 371 2189 a
381 2141 453 2189 nabis
462 2148 532 2199 sunt,
543 2140 587 2190 sol.

130 2212 239 2262 amnia:
260 2231 272 2255 e
293 2210 363 2261 Sono
376 2211 434 2260 stati
453 2210 509 2260 fatti
529 2212 587 2261 tutti

129 2284 142 2355 i
159 2282 317 2349 preparativi
339 2301 361 2332 ι.
375 2308 408 2317 -
428 2283 465 2331 ita
481 2289 512 2332 ut
523 2283 586 2332 dixi.

128 2356 152 2405 E
165 2353 292 2411 naturale,
305 2349 399 2418 perche
411 2353 429 2401 1·
436 2361 588 2418 argomento

129 2426 173 2477 del
188 2424 304 2474 discorso
315 2425 342 2473 di
359 2425 471 2477 Micione
490 2425 518 2474 in
529 2440 588 2474 casa

127 2497 155 2546 di
175 2496 292 2545 Sostrata
309 2511 362 2545 non
381 2496 409 2545 fu
428 2497 476 2547 che
494 2503 587 2562 questo

126 2567 188 2631 (afr.
218 2583 241 2616 v.
271 2565 351 2633 719);
383 2582 435 2616 non
463 2568 483 2616 si
512 2573 588 2617 tratta

127 2643 178 2690 che
208 2637 235 2686 di
265 2654 301 2687 un
332 2639 438 2703 ripiego‚
467 2653 540 2689 come
565 2638 587 2687 si

127 2710 196 2761 sede
214 2708 257 2759 del
276 2717 344 2764 resto
355 2710 437 2760 anche
455 2709 523 2759 dalle
541 2726 586 2775 pa-

126 2782 186 2831 role
218 2780 245 2829 di
275 2781 395 2831 Donato:
432 2781 472 2829 De
503 2781 586 2829 verbis

125 2852 250 2902 abeuntis
272 2853 334 2902 vult
356 2853 486 2902 ostendere
508 2859 586 2917 poeta

126 2939 212 2988 quam
231 2923 372 2973 arationem
390 2938 449 2972 cum
466 2923 586 2972 Sostrata

125 2994 253 3042 habuerit
277 2995 410 3059 ingressus
434 2993 536 3053 Micia,·
560 2993 584 3042 la

126 3064 211 3130 quale
238 3064 412 3115 osservazione
436 3062 489 3131 puo
517 3064 586 3114 adat-

126 3136 193 3187 tatsi
219 3135 244 3185 al
268 3137 396 3203 principio
419 3135 446 3185 di
469 3152 505 3186 un
523 3151 587 3200 gran

126 3222 241 3258 numero
265 3207 291 3256 di
316 3223 408 3266 scene3
432 3207 477 3258 cfr.
506 3225 531 3273 p.
551 3223 585 3257 es.

125 3279 147 3328 il
167 3295 191 3328 v.
213 3278 273 3344 635.
295 3305 325 3315 -
346 3287 383 3337 ut,
402 3280 479 3330 breve
497 3295 543 3345 per
561 3278 586 3327 la

126 3350 209 3414 legge
227 3351 294 3401 delle
312 3350 400 3417 parole
418 3350 571 3415 glambiche.

166 3419 229 3482 788.
255 3421 303 3471 Vbi
325 3423 375 3482 uis,
395 3422 499 3487 quando
518 3421 585 3480 vuol,

126 3492 176 3542 scl.
202 3492 350 3556 transferri
370 3495 471 3559 poterit
492 3492 587 3542 mulier

125 3580 145 3614 o
174 3578 239 3630 pure
266 3565 395 3631 uirginem
423 3565 585 3614 accersimus.

125 3634 170 3684 La
193 3631 294 3686 resset
317 3636 451 3686 interrotta
474 3635 517 3686 dal
542 3649 583 3685 ru·

644 1438 716 1474 more
735 1424 855 1489 prodotto
873 1425 942 1474 dalla
961 1432 1035 1490 porta
1059 1444 1106 1493 per

643 1496 660 1545 l’
671 1495 754 1545 uscire
778 1496 804 1544 di
823 1496 923 1547 Demea
953 1497 1023 1546 dalla
1047 1513 1105 1549 oasa

644 1567 670 1615 di
685 1566 806 1618 Micione.
821 1594 854 1604 -
868 1585 884 1616 a
905 1585 944 1617 me
957 1588 992 1608 =
1011 1585 1027 1616 a
1046 1568 1102 1635 (ex)

644 1639 705 1686 meis
717 1640 844 1699 aea'ibus,·
863 1639 907 1689 cfr.
930 1640 1027 1689 Heaut.
1052 1649 1105 1705 510

644 1711 668 1757 A
687 1724 727 1757 me
745 1712 829 1760 nescia
847 1712 906 1774 quis
929 1711 983 1759 exit
992 1729 1002 1766 ,·
1022 1712 1103 1762 Phor.

644 1790 695 1844 732
711 1789 739 1827 'a
757 1781 851 1845 fratre
881 1797 947 1844 quae
978 1792 1106 1846 egressast

642 1867 718 1910 meo,·
753 1853 826 1901 Eun.
858 1861 907 1916 545
951 1854 1011 1917 quis
1041 1869 1103 1903 nam

642 1923 702 1971 hinc
729 1924 761 1971 ab
791 1923 890 1971 Thaide
921 1925 1018 1982 exiti;
1051 1940 1102 1974 ecc.

643 2018 676 2030 -
703 1994 763 2057 quis
782 2010 896 2044 nam...
922 1995 1026 2060 pepulit
1049 2002 1102 2045 tam

639 2067 761 2131 grauiter
764 2064 842 2129 saris
851 2069 863 2113 ι)
873 2082 881 2113 .·
900 2066 989 2116 Frater
1004 2066 1103 2118 Demea

642 2136 730 2186 exiens
749 2136 827 2186 iratus
843 2153 858 2186 a
877 2136 955 2186 domo
977 2137 1048 2186 illius
1062 2138 1100 2202 (di

641 2208 767 2270 Micione)
785 2214 891 2273 propter
917 2208 1001 2258 filium
1019 2208 1102 2259 Ctesi·

641 2279 763 2345 phonem.
782 2294 861 2344 quem
886 2279 987 2330 invenit
1009 2286 1100 2345 potan-

641 2358 694 2400 tem
717 2365 776 2400 oum
795 2349 908 2414 psaltria,
929 2350 1032 2417 pepulit
1051 2352 1102 2400 for·

642 2422 701 2471 titer
731 2422 798 2472 fores
835 2420 933 2486 (Schol.
969 2422 996 2471 di
1026 2419 1100 2487 DM).

641 2493 691 2543 Per
710 2492 727 2540 l’
739 2493 900 2558 espressione
924 2494 970 2545 cfr.
996 2493 1021 2542 la
1039 2501 1102 2543 nota

641 2564 666 2613 al
690 2580 714 2615 v.
735 2566 795 2627 264,
823 2564 889 2615 dove
912 2566 936 2615 ai
960 2565 1050 2629 luoghi
1074 2565 1102 2614 di

640 2635 760 2684 Plutarco
785 2651 800 2685 e
822 2636 848 2684 di
873 2636 1011 2687 Aristotele
1037 2637 1100 2701 puoi
1186 2627 1188 2634 ’

640 2707 801 2771 aggiungere
830 2722 904 2758 come
930 2703 977 2774 pit
1005 2707 1100 2758 diretto

640 2786 789 2828 commento
815 2778 866 2827 alla
889 2778 957 2829 srase
985 2779 1012 2827 in
1037 2794 1099 2843 que·

640 2849 725 2899 stione
753 2848 856 2898 Elladio
887 2849 1036 2906 Chrestom„
1068 2851 1097 2899 in

640 2920 730 2969 photii
753 2919 892 2977 Biblioth„
923 2919 1099 2980 CCLXXIX,

641 3007 666 3056 p.
690 3001 742 3056 353
766 2991 791 3050 b,
818 2991 853 3041 26
878 2990 981 3042 Bekker
1005 2987 1099 3041 τούτου

640 3058 718 3126 χάριν
759 3059 887 3111 κόπτουσι
931 3057 1003 3126 παρὰ
1046 3066 1099 3118 τοῖς

640 3137 775 3197 κωμικοῖς
790 3129 836 3187 τὰς
848 3130 946 3197 θύρας,
963 3131 1028 3183 διότι
1047 3129 1097 3198 οὐχ

641 3200 678 3259 ὥς
696 3206 760 3268 παρ’
778 3201 841 3269 ἡμῖν
858 3203 915 3255 νυνὶ
941 3204 969 3254 τὸ
988 3200 1099 3254 παλαιὸν

640 3272 803 3340 ἅνεῴγνυντο
828 3273 858 3325 ai
881 3274 971 3341 θύραι,
996 3271 1052 3326 ‹ttt’
1074 3271 1098 3324 ι’·

640 3345 737 3411 sarelo)
750 3345 847 3411 τρόπῳ.
867 3344 970 3408 ἔξωθεν
987 3342 1036 3412 γὰρ
1049 3342 1097 3397 αὖ·

641 3414 686 3472 τὰς
699 3413 887 3484 ἀνατρέποντες
901 3416 1010 3470 ἔνδοθεν
1026 3414 1098 3483 ἐξῄε-

640 3507 689 3540 σαν
700 3487 828 3555 πρότερον
838 3486 868 3540 δὲ
881 3495 913 3557 τῇ
922 3487 991 3556 χειρὶ
1004 3488 1098 3555 ψόφον

639 3556 746 3613 ἐποίουν
758 3557 902 3627 κρούοντες
921 3559 964 3613 iai
977 3565 1015 3626 τῷ
1028 3563 1097 3627 γνῶ-

639 3649 682 3685 ναι
706 3628 769 3689 τοὺς
794 3628 839 3683 tat
862 3635 917 3685 τῶν
938 3631 1034 3700 θυρῶν
1050 3628 1097 3684 καὶ
