2850 4259
265 341 269 348 ¹
480 237 488 256 ³
513 276 682 322 rnnnnnon
1020 262 1079 335 185

119 399 223 463 Hodie
245 402 338 464 modo
359 401 487 463 hilarum
509 405 557 465 sec
578 414 619 464 te.
666 404 731 464 DE.
757 404 796 463 Et
817 402 904 463 istam
930 399 1081 479 psaltriam

119 495 189 553 Vna
210 493 282 554 ssluc
305 510 424 554 mecum
449 490 520 555 hinc
541 493 723 553 abstraham.
772 495 830 554 ΜΙ.
856 489 1047 569 Pugnaueris.

118 583 166 641 Eo
190 588 282 660 pacto
305 601 441 660 prorsum
464 580 508 644 1111
529 581 670 660 adligatis
693 578 800 643 fllium.

120 667 218 731 Mod‘o
234 669 324 732 facito
339 681 373 734 ut
387 671 469 731 illam
485 677 595 750 serues.
629 673 694 736 DE.
714 672 780 748 Ego
794 671 872 731 istuc
887 669 993 731 uidero
1019 674 1060 744 84
1065 686 1081 747 5

118 761 221 838 Atque
245 758 288 820 rbi
311 758 430 821 fauinae
453 764 552 841 plena,
577 759 708 821 fumiae
731 758 852 838 pollinis
934 789 936 793 ·

117 850 291 926 Coquendo
314 848 351 910 sit
373 851 444 911 faxo
466 857 496 911 et
519 849 678 910 molendo:
715 856 831 928 praeter
853 852 928 912 haec

154 1060 217 1125 842.
231 1063 364 1113 hilarum:
380 1063 426 1114 cfr.
439 1062 500 1126 287,
513 1063 575 1127 756.
665 1061 725 1126 845.
738 1063 795 1128 Ega
813 1061 880 1111 istuc
894 1061 998 1111 nidera:
1014 1080 1026 1106 ι
1042 1077 1084 1110 me

154 1131 217 1198 843.
237 1135 385 1184 abstrahant
411 1129 490 1201 epid
508 1133 574 1185 forte
628 1134 653 1183 la
683 1129 762 1184 vedrd
792 1133 817 1182 1ο
847 1152 869 1181 ι.
901 1134 950 1183 Per
981 1131 1001 1180 il
1022 1131 1084 1197 sut.

117 1204 160 1256 del
177 1200 226 1270 pin
239 1219 348 1255 comune
364 1206 511 1265 abducam,·
528 1205 574 1256 cfr.
628 1213 709 1254 exact.
730 1204 773 1255 cfr.
798 1214 855 1267 127,
879 1214 939 1268 437,
967 1202 1026 1268 538.
1050 1229 1083 1238 -

116 1276 242 1325 Donato:
273 1277 335 1327 Non
365 1277 498 1337 abducam,
530 1277 575 1327 sed
628 1277 694 1326 istuc
706 1276 741 1325 ha
753 1275 779 1325 la
791 1275 874 1341 prima
887 1275 978 1326 sillaba
991 1276 1084 1336 breve3

69 1356 71 1360 '
118 1347 189 1413 quod
210 1353 249 1397 est
260 1348 403 1406 saevientis,
417 1348 573 1399 abstrahant.
628 1348 673 1396 cfr.
693 1363 717 1396 v.
738 1358 781 1410 72.

116 1419 227 1478 Demea,
252 1434 325 1469 come
349 1419 371 1468 si
389 1419 460 1478 vede,
485 1435 537 1469 non
559 1415 574 1468 1
664 1417 790 1483 846-847.
819 1418 858 1468 La
882 1418 1040 1468 costruzione
1069 1413 1083 1466 e

116 1491 201 1540 molto
226 1496 314 1539 tenero
338 1505 387 1540 con
414 1490 440 1539 la
463 1507 575 1555 ragazza,
628 1498 734 1557 questa:
754 1493 841 1554 Atque
859 1488 976 1554 ibisaxa
991 1490 1027 1539 sit
1044 1506 1084 1537 ca·

116 1560 245 1611 tutt'altro
262 1559 319 1625 (cfr.
339 1562 348 1610 i
367 1578 407 1612 vv.
420 1561 473 1625 846
488 1563 573 1627 sgg.);
627 1563 728 1627 quenda
752 1569 777 1612 et
798 1561 913 1611 molendo
934 1561 1013 1624 plena
1031 1559 1084 1625 sa·

116 1632 227 1683 tuttavia
251 1647 304 1681 non
325 1648 357 1684 ne
383 1633 444 1683 vuol
468 1633 522 1684 fare
547 1633 574 1682 di
628 1634 715 1691 uillae,
737 1632 816 1698 sumi
844 1648 875 1681 ac
900 1631 1016 1696 pollinis.
1050 1657 1082 1667 -·

116 1718 204 1766 meno,
230 1703 268 1752 sia
289 1721 335 1769 per
353 1720 407 1754 non
429 1705 535 1771 perdere
554 1704 574 1754 il
619 1705 707 1768 saxa:
721 1704 766 1754 cfr.
779 1720 802 1755 v.
816 1715 876 1765 209.
897 1702 1084 1768 ‹Remarquez

115 1775 216 1824 donaro
227 1774 275 1824 che
287 1770 301 1824 ὲ
313 1783 417 1835 castata,
431 1776 469 1825 sia
481 1770 575 1841 perche
627 1776 652 1825 le
677 1771 802 1825 caractere
826 1775 987 1825 d'assurance
1011 1775 1083 1823 ener-

115 1847 194 1897 crede
213 1853 305 1910 questo
324 1847 343 1896 il
363 1863 449 1897 mezzo
466 1847 493 1895 di
512 1854 573 1896 tret·
628 1847 829 1913 giquecontenu
842 1845 1082 1912 dansl’expression

115 1925 208 1968 tenere
220 1917 249 1965 in
261 1932 404 1984 campagna
416 1918 435 1967 il
448 1917 573 1982 figliuolo,
619 1918 703 1982 saxa*
722 1914 771 1970 tres
796 1917 908 1967 sensible
926 1916 990 1966 dans
1009 1923 1082 1966 notre

38 2003 39 2006 ’
115 1989 193 2054 longi
213 1987 282 2038 dalle
300 1989 421 2054 lusinghe
436 1989 505 2039 della
523 1989 575 2038 vite
628 2005 736 2055 passage
753 1985 788 2039 οὺ
807 2004 834 2039 se
852 1986 950 2038 melent
975 1987 991 2036 1¹
1000 1987 1083 2037 ironie

115 2066 231 2109 corrotta
249 2060 318 2111 della
337 2057 453 2110 8118-
467 2060 573 2126 Pugna·
629 2067 661 2112 etr
673 2061 698 2111 la
716 2057 800 2111 colere
819 2059 960 2123 »οΡΙεεείε1
976 2075 1000 2110 a.
1017 2060 1035 2108 l.
1051 2084 1083 2095 -

115 2132 205 2181 ueris:
225 2150 237 2174 ι
252 2131 366 2181 avraida
381 2133 536 2183 combattere
551 2151 573 2192 ι,
628 2134 664 2182 sit
678 2134 766 2198 faxo:
792 2131 837 2182 cfr.
858 2147 882 2182 v.
902 2144 953 2193 209
975 2130 1087 2196 accipiat

116 2222 129 2247 ι
152 2202 224 2252 avrni
242 2202 312 2253 vinta
331 2219 382 2253 una
400 2202 497 2268 grande
517 2202 573 2252 bat·
620 2203 701 2268 saxa.
720 2205 752 2254 In
771 2204 863 2253 Plauto
882 2202 907 2252 la
925 2202 1083 2253 costruzione

115 2274 201 2339 taglia
231 2292 253 2333 r,
284 2290 300 2323 ο
333 2295 346 2318 ι
375 2290 496 2339 magnam
519 2290 574 2324 rem
629 2275 785 2340 paratattica,
806 2269 862 2324 cioe
886 2289 935 2323 con
958 2273 978 2323 il
996 2272 1084 2323 futuro

106 2344 213 2409 feceris
234 2363 256 2404 ι,
275 2361 349 2397 come
373 2346 494 2405 dichiara,
519 2345 578 2395 suot
631 2346 777 2407 indicativo,
794 2343 908 2411 equella
927 2345 974 2395 che
993 2345 1084 2410 predo·
1173 2349 1176 2354 '

113 2416 141 2465 di
161 2415 296 2473 metafora.
315 2417 426 2467 Donato.
445 2417 576 2483 L'espres·
632 2418 713 2480 mina;
728 2418 840 2468 secondo
849 2417 886 2481 gli
898 2416 984 2466 ultimi
993 2414 1084 2465 calcoli

114 2487 192 2537 sione
211 2488 245 2536 ha
262 2488 332 2538 dello
357 2488 460 2538 scherzo
484 2503 499 2538 e
521 2488 576 2538 del·
631 2489 828 2540 dell'Ashmore
853 2486 1005 2553 (Transact.
1030 2487 1087 2536 aad

113 2560 131 2607 l'
147 2558 235 2609 ironia
265 2560 335 2610 nello
365 2566 446 2609 stesso
479 2566 575 2625 tempo.
627 2563 743 2627 praeced.
761 2560 793 2626 as
808 2561 849 2610 the
864 2560 976 2609 Ameria.
991 2558 1083 2624 philol.

113 2629 169 2682 Csr.
191 2630 277 2680 Plaut.
304 2631 384 2696 Epid.
412 2642 465 2694 493
492 2631 575 2696 Euge,
630 2645 719 2690 assae,
740 2648 764 2680 v.
779 2629 820 2691 28,
840 2647 883 2696 pp.
899 2630 951 2680 VII
969 2626 1037 2695 sgg.)
1055 2645 1084 2678 se

113 2717 187 2767 euge,
218 2702 351 2765 Epidicel
373 2702 497 2767 frugi's;
523 2709 575 2766 pu·
631 2719 663 2753 ne
690 2704 778 2752 hanno
805 2703 832 2751 in
856 2702 948 2751 Plauto
972 2714 1004 2763 41
1032 2698 1098 2750 casi'

109 2772 208 2838 gnastc'
223 2773 290 2822 benc.
629 2773 798 2824 indiscutibili
811 2790 825 2823 e
839 2783 853 2836 7
865 2772 963 2822 dubbii.
973 2773 1022 2822 Per
1031 2773 1082 2823 Te·

152 2842 217 2906 844.
237 2843 278 2893 illi
288 2863 324 2885 =
338 2844 408 2906 illia
420 2840 466 2894 cfr.
477 2843 503 2893 la
515 2850 577 2893 nota
630 2841 716 2895 renz'io
734 2846 779 2895 cfr.
799 2845 825 2895 la
848 2851 910 2894 nota
934 2842 960 2893 al
978 2859 1001 2894 v.
1021 2854 1082 2905 209.

112 2915 140 2964 al
159 2931 186 2964 v.
211 2915 268 2965 116.
290 2940 322 2951 --
342 2914 370 2964 si
387 2915 484 2966 osservi
502 2930 575 2964 come
631 2943 665 2953 -
668 2916 801 2982 fauillae:
813 2915 840 2964 di
852 2930 995 2966 cenete·
1006 2913 1086 2979 fumi

113 2986 255 3051 adligaris,
269 2986 352 3036 forma
370 2992 503 3047 contratta,
518 2981 532 3034 ὲ
545 3002 575 3035 u·
630 3004 644 3037 e
658 2988 776 3053 pollinis,
795 3002 841 3050 per
859 2987 1015 3051 coquendae
1031 3002 1083 3034 ma·

114 3064 173 3106 sata
186 3073 204 3105 a
219 3057 369 3108 brevissima
381 3058 494 3107 distanza
506 3056 576 3127 dalle
629 3058 947 3109 lendaimmediatamente
956 3056 1083 3122 seguenti,

113 3128 204 3178 farma
218 3129 346 3195 completa
358 3129 533 3194 Pugnauerr‘s.
553 3129 575 3178 E
629 3145 693 3179 sono
706 3130 807 3196 pensati
819 3125 865 3195 pid
878 3128 997 3194 collegnti
1009 3128 1047 3178 fra
1056 3127 1083 3176 di

112 3207 187 3249 stato
206 3199 234 3248 in
252 3199 309 3250 fatti
328 3207 417 3251 notato
434 3198 489 3263 (dal
507 3199 576 3248 Con·
629 3200 685 3250 loro
703 3201 751 3251 che
765 3216 819 3250 non
832 3200 891 3250 tutti
907 3200 985 3251 edue
996 3215 1045 3250 con
1063 3197 1083 3247 11

113 3271 175 3320 radt
185 3271 215 3319 in
223 3271 334 3320 Hermes
346 3286 384 3331 10,
393 3288 436 3337 pp.
446 3284 496 3332 104
506 3268 576 3336 sgg.)
619 3271 740 3337 fauillae
754 3273 802 3322 che
820 3272 941 3339 precede:
955 3271 982 3321 di
1000 3271 1046 3338 qui
1057 3269 1084 3319 la

113 3342 166 3392 che
185 3342 230 3391 nel
256 3357 334 3408 corpo
358 3343 402 3393 del
427 3358 499 3392 verso
523 3343 575 3392 Te·
629 3343 818 3407 congiunzione
836 3342 871 3409 (si
888 3343 949 3394 badi
971 3360 1009 3403 ac,
1029 3357 1083 3392 non

113 3413 207 3463 renzio
225 3429 271 3463 usa
289 3430 335 3479 per
353 3414 429 3464 solito
448 3413 473 3463 le
492 3412 574 3464 forme
628 3411 664 3479 ct)
682 3421 721 3463 tra
739 3414 758 3463 11
771 3415 910 3466 secandae
921 3414 941 3463 11
954 3421 1021 3464 terzo
1033 3420 1085 3464 ter-

113 3491 255 3544 contratte,
273 3491 373 3536 mentre
390 3484 442 3534 alla
459 3483 511 3535 fine
529 3501 575 3534 an·
628 3485 698 3535 mine
724 3485 792 3536 della
819 3486 1014 3538 enumeratione
1032 3485 1084 3551 sa-

113 3555 168 3605 che
187 3556 275 3621 quelle
292 3572 346 3606 non
364 3562 497 3607 contratte.
520 3555 573 3607 Csr.
628 3557 716 3614 uillae,
727 3557 811 3620 fumi,
827 3557 945 3623 pollinis.
962 3557 1023 3607 Non
1042 3553 1085 3606 c'e

112 3643 167 3694 per
187 3642 276 3679 unes.
294 3628 408 3679 insuerit
427 3626 470 3679 del
488 3644 511 3677 v.
531 3636 573 3692 55.
627 3628 734 3693 ragione
752 3629 843 3694 quindi
861 3629 888 3678 di
910 3635 1010 3682 mutare
1034 3644 1084 3680 con
