2850 4259
351 247 393 326 96
588 265 592 274 ·
737 264 766 310 Ρ.
790 263 929 308 ultumi

348 391 433 465 Fore,
459 399 484 453 st
507 390 672 471 perdiderit
695 393 845 470 gnatum?
882 411 937 452 uae
961 391 1069 453 misero
1094 391 1188 454 mihil

347 480 459 542 Videre
483 481 588 543 uideor
610 480 670 541 iam
695 480 776 541 diem
800 481 893 555 illum,
922 501 1015 560 quom
1038 483 1110 543 htnc
1133 502 1220 560 egeus

347 570 499 649 Profugiet
521 570 622 649 aliquo
645 569 816 634 militatum.

863 573 921 632 SY.
947 573 975 631 O
999 573 1124 642 Demea,
1242 573 1292 648 385

348 662 428 721 Istuc
451 668 496 719 est
517 679 631 738 sapere,
655 668 719 719 non
742 661 824 738 quod
847 670 917 721 ante
940 660 1034 738 pedes
1057 661 1178 721 modost

348 748 470 821 Videre,
495 751 547 809 sed
570 747 659 810 etiam
683 751 736 809 ssla
758 769 837 827 quae
859 752 958 809 futura
981 760 1053 809 sunt

350 841 533 916 Prosptcere.
570 840 634 901 DE.
655 838 758 915 Quid?
785 841 878 900 istaec
893 839 952 899 iam
967 858 1062 917 penes
1078 858 1133 900 uos
1147 836 1297 916 psaltriast?

351 929 409 989 SY.
441 928 539 987 Ellam
569 934 658 990 tutus.
701 931 771 1002 DE.
810 929 884 1000 Eho,
918 935 958 1004 an
991 930 1105 989 domtst
1135 926 1297 989 habiturus?

798 1019 857 1078 SY.
883 1000 993 1088 Cr‘edo,
1019 1026 1053 1077 ut
1076 1021 1122 1077 est

349 1280 410 1315 cosa
428 1260 443 1313 ὲ
461 1266 572 1329 questo?
598 1280 625 1314 se
643 1265 670 1313 lo
688 1279 806 1330 propone

350 1336 402 1401 egli
413 1331 553 1403 [Micione]
564 1351 611 1402 per
622 1334 672 1386 fine
685 1331 742 1402 [per
751 1336 805 1385 fare

349 1408 489 1473 dispettoa
508 1403 569 1474 me],
583 1423 599 1455 o
612 1423 692 1472 pensa
708 1409 756 1457 che
769 1408 806 1472 gli

349 1479 405 1529 sara
424 1480 526 1530 ascritto
544 1496 559 1527 a
577 1478 643 1538 lode,
663 1494 737 1528 se...
759 1499 779 1529 ι.

387 1548 447 1615 383.
454 1552 607 1616 perdidrrr't,
618 1550 682 1615 pers.
693 1551 737 1608 del
749 1566 806 1615 sog·

350 1621 475 1686 giuntivo.

388 1692 449 1758 385.
468 1693 615 1752 militatum,
629 1708 644 1741 a
657 1692 711 1744 fare
724 1693 744 1742 il
757 1693 807 1742 sol·

350 1765 410 1814 dato
434 1765 600 1822 mercenario,
624 1764 809 1828 specialmente

350 1836 377 1884 in
406 1836 468 1886 Asia
499 1851 513 1885 e
548 1835 617 1885 nella
647 1836 807 1895 Macedonia,

350 1907 422 1967 dove,
437 1908 462 1955 ai
481 1907 562 1972 tempi
580 1906 622 1956 del
641 1905 724 1957 fiorire
736 1906 808 1957 della

351 1978 501 2027 Commedia
527 1979 626 2038 Nuova,
656 1977 807 2028 infierivano

351 2050 376 2099 le
400 2064 491 2114 guerre
517 2056 554 2099 tra
578 2049 587 2098 i
613 2050 753 2099 successori
780 2049 807 2098 di

299 2135 305 2146 ⁸
351 2116 505 2172 Alessandro
533 2122 638 2185 Magno.
665 2122 678 2169 1
702 2122 808 2186 giovani

341 2192 398 2243 'che
416 2206 529 2242 avevano
548 2192 608 2241 dato
626 2191 707 2241 fondo
723 2193 748 2242 al
762 2209 806 2257 pa·

352 2262 473 2313 trimonio
486 2263 635 2321 domestico,
645 2264 667 2313 si
680 2263 806 2329 appiglia·

351 2349 416 2384 vano
436 2333 558 2400 disp'erati
577 2336 685 2400 aquest'
697 2343 807 2385 estremo

350 2406 454 2472 partito.
478 2404 532 2454 cfr.
552 2405 635 2454 Plaut.
656 2407 734 2457 Trin.
756 2404 807 2471 598

351 2491 410 2542 sg.;
429 2478 526 2526 Heaut.
550 2487 608 2541 117.

386 2514 447 2612 3'86.
478 2549 559 2608 Istuc,
588 2563 638 2598 con
664 2548 690 2597 ia
717 2549 809 2598 sillaba

352 2618 428 2669 finale
453 2619 534 2683 lunga
558 2635 631 2669 come
656 2620 683 2668 in
711 2620 808 2669 Heaut.

354 2704 404 2741 110
422 2707 465 2757 ego
483 2690 550 2740 istuc
568 2693 669 2747 aetatis,
693 2697 807 2750 coenato,

351 2779 377 2827 p.
397 2778 427 2822 e.‚
447 2761 479 2810 ad
492 2763 580 2812 Andr.
594 2775 643 2824 941
662 2763 734 2823 Quid
741 2763 809 2812 istuc

351 2840 396 2892 est,
423 2833 489 2882 dove
517 2834 591 2893 istuc,
620 2833 690 2883 nella
720 2833 809 2883 chiusa

352 2902 495 2954 dell'otton.
515 2904 652 2968 giambico,
672 2904 748 2954 hala
767 2921 809 2954 se-

352 2975 434 3025 conda
452 2975 544 3024 sillaba
565 2976 650 3027 breve.
678 3002 710 3011 -
736 2978 809 3025 Istuc

219 3083 222 3094 .
251 3047 256 3052 '
289 3054 391 3106 *wa-„est
408 3056 504 3112 sapere.
529 3048 603 3096 Istuc
624 3043 639 3095 ὲ
664 3048 808 3113 prolettico,

352 3107 541 3186 οόὴιιχεριεεο
566 3119 620 3176 hoc,
650 3118 721 3168 illud
741 3118 811 3169 nella

352 3205 427 3256 prosa
446 3177 558 3271 61636166,
578 3204 685 3240 ecome
703 3191 741 3239 ita
767 3191 810 3240 nel

353 3277 376 3309 v.
399 3270 466 3325 594:
487 3243 600 3326 anticipa
617 3262 627 3310 i
646 3262 809 3312 concettise·

352 3333 443 3396 guenti
461 3332 489 3381 di
507 3333 597 3382 uidere
613 3347 633 3383 e
651 3336 809 3397 prospicere

352 3406 391 3454 La
410 3402 475 3454 frase
495 3399 634 3453 erronica.
659 3402 712 3458 cfr.
736 3405 808 3454 Eun.

354 3473 420 3535 7823
434 3475 496 3524 Her.
518 3473 580 3524 608.
592 3476 709 3529 Donato:
726 3476 810 3559 Magis

352 3545 460 3595 ridicula
483 3553 521 3596 est
540 3547 687 3606 assentatio,
707 3546 729 3596 si
751 3547 809 3613 quis

353 3616 465 3667 maxime
489 3617 617 3679 laudetur,
636 3618 732 3684 quibus
754 3633 808 3670 ma·

861 1264 930 1315 xime
948 1272 1024 1316 caret
1045 1290 1078 1300 -
1097 1272 1158 1313 ante
1177 1261 1264 1328 pedis:
1277 1264 1299 1314 le

862 1337 953 1387 ultime
973 1343 1010 1387 tre
1028 1336 1120 1386 sillabe
1145 1335 1256 1385 formano
1270 1352 1300 1385 un

862 1416 993 1474 anapesto.
1007 1408 1106 1471 Questa
1118 1407 1247 1456 scansione
1257 1423 1300 1456 non

861 1479 1025 1530 contraddice
1043 1480 1094 1528 alla
1113 1478 1200 1543 regola
1217 1478 1248 1527 da
1264 1478 1300 1527 noi

862 1551 987 1600 ricordata
1011 1551 1080 1601 nella
1101 1558 1164 1599 nota
1187 1550 1212 1599 a]
1234 1566 1254 1599 ι.
1279 1562 1300 1611 9,

862 1619 955 1688 perche
974 1622 999 1671 le
1018 1622 1068 1671 due
1086 1621 1158 1670 brevi
1178 1621 1242 1670 della
1262 1620 1300 1670 tesi

862 1694 908 1758 qui
926 1701 1120 1759 appartengono
1139 1708 1155 1741 a
1167 1692 1217 1741 due
1228 1691 1300 1757 parole

862 1765 969 1824 diverse,
992 1780 1034 1813 ma
1058 1770 1232 1814 strettamente
1253 1778 1302 1812 con-

862 1835 952 1899 giunte
970 1844 1008 1884 tra
1024 1835 1087 1884 loro.
1099 1834 1151 1884 Nei
1164 1851 1224 1885 mss.
1235 1834 1302 1885 molto

863 1922 951 1972 spesso
969 1907 990 1955 si
1015 1914 1086 1955 trova
1108 1907 1191 1956 anche
1214 1904 1302 1971 grafion-

862 1985 949 2028 mente
959 1978 984 2027 la
995 1977 1172 2043 preposizione
1185 1979 1252 2027 unita
1262 1991 1302 2025 con

862 2049 881 2098 il
907 2064 953 2098 suo
978 2049 1125 2099 sostan'tivo.
1151 2047 1204 2098 etr.
1228 2049 1300 2098 Andr.

865 2131 912 2186 155
933 2121 957 2170 si
976 2120 1088 2185 propter
1111 2120 1229 2179 amo'rcm,
1252 2118 1302 2168 ela

862 2192 975 2242 notadel
984 2180 1068 2240 Brixa
1079 2191 1163 2240 Plaut.
1170 2191 1229 2240 Mil.
1239 2188 1301 2250 1284

862 2264 913 2314 Del
932 2272 999 2313 resto
1017 2262 1079 2328 puoi
1098 2263 1220 2313 misurare
1235 2263 1302 2327 pedes

862 2351 936 2385 come
948 2351 984 2383 un
996 2334 1126 2400 pirrichi0,
1140 2351 1155 2385 e
1167 2334 1210 2383 nel
1224 2333 1303 2399 quinto

862 2406 938 2471 piede
957 2422 1030 2455 avere
1049 2421 1084 2456 un
1106 2406 1229 2455 tribraco·
1252 2403 1304 2452 dntc

860 2474 943 2542 pc'a'es.
963 2478 1011 2526 Per
1030 2476 1055 2525 la
1072 2477 1139 2527 frase
1152 2476 1196 2526 cfr
1209 2475 1258 2525 Cic.
1270 2474 1304 2523 Dc

863 2549 914 2599 dir.
937 2562 986 2613 133
1005 2548 1170 2612 Deerat.3,
1188 2562 1229 2609 40,
1250 2545 1303 2602 1603

862 2618 882 2667 il
900 2635 937 2683 gr.
951 2615 981 2667 τὸ
999 2615 1065 2681 πρὸς
1077 2617 1140 2669 ποσὶ
1155 2622 1269 2677 σκοπεῖν,
1279 2610 1303 2664 τὰ

861 2685 933 2753 παρὰ
951 2686 1042 2744 πόδας.

898 2760 958 2825 388.
977 2763 1062 2821 istaec,
1079 2777 1129 2811 con
1141 2761 1167 2810 la
1180 2756 1304 2827 primasii

863 2834 922 2883 laba
934 2833 1027 2891 breve
1046 2833 1092 2883 cfr.
1105 2849 1130 2883 v.
1145 2844 1190 2896 723
1212 2832 1237 2880 fa
1253 2824 1304 2897 per&

864 2905 945 2955 anche
974 2919 1075 2971 gruppo
1105 2904 1234 2978 giambico
1265 2915 1304 2949 con

866 2977 1001 3038 Quia-
1022 2984 1110 3041 penes.
1139 2961 1246 3026 Enoto
1267 2971 1304 3020 che

865 3047 935 3097 nella
952 3062 1027 3114 prosa
1039 3047 1146 3097 classica
1158 3053 1248 3114 questa
1257 3058 1304 3109 pre·

865 3118 995 3185 posizione
1016 3118 1127 3184 esprime
1151 3119 1171 3168 il
1193 3127 1304 3184 possesso,

865 3207 907 3239 ma
920 3189 943 3238 11
964 3205 1089 3255 possesso,
1109 3206 1156 3255 per
1179 3189 1230 3239 cosi
1254 3186 1304 3242 dire,

864 3262 954 3322 ideale‚
966 3278 1018 3314 non
1031 3262 1172 3322 materiale,
1183 3254 1304 3322 conequi,

864 3334 929 3383 dove
959 3335 992 3382 ha
1022 3348 1085 3399 pure
1115 3334 1202 3384 valore
1236 3326 1305 3380 locale

863 3402 891 3469 (ι
911 3405 939 3455 in
968 3421 1026 3454 casa
1053 3412 1171 3454 vostra
1187 3404 1265 3468 ,616
1290 3397 1305 3445 11

864 3475 943 3526 franc'.
963 3477 1019 3525 rhea
1037 3473 1121 3541 vous).

900 3546 960 3612 389.
979 3548 1084 3604 Ellam,·
1103 3547 1148 3597 cfr.
1168 3566 1191 3599 v.
1212 3550 1303 3599 260.-

862 3620 920 3669 Eho
939 3635 984 3679 an,
1003 3634 1104 3685 gruppo
1125 3621 1260 3684 giambico.
1277 3641 1302 3654 ⁶
