2850 4259
316 288 389 335 cvm
671 288 910 336 mrnonuzrortn

316 417 441 478 sarebbe
464 424 541 476 stato
564 426 705 478 costretto
730 416 887 490 Terenzio,
908 435 940 477 se
964 414 989 476 si
1011 433 1114 476 avesse
1129 416 1169 475 ad
1183 425 1270 476 accet-

316 534 379 585 tare
402 525 421 582 l’
434 522 540 602 ipotesi
563 524 645 584 dello
667 523 825 587 Dziatzko.
850 527 903 585 Ma
925 525 965 585 da
987 525 1076 601 quale
1091 522 1219 602 ragione*
1234 542 1273 583 sa-
1384 534 1385 591 i

315 633 410 692 rebbe
432 640 509 692 stato
528 629 676 691 Terenzio
695 630 872 710 consigliato
887 631 926 691 ad
942 628 1135 692 allontanarsi
1149 628 1200 707 qui
1215 630 1273 689 dsi-

315 742 335 799 l’
348 737 499 818 originale,
535 740 659 816 quando
696 759 760 800 non
798 741 863 800 solo
901 758 964 800 non
995 740 1189 817 guadagnava
1223 757 1274 817 per
1384 750 1385 800 1

316 845 466 926 maggiore
489 844 784 935 verosimiglianzao
817 866 871 925 per
903 846 1054 925 maggiore
1084 844 1222 908 comicita
1245 844 1274 905 di

316 951 480 1028 situazioni,
505 973 554 1013 ma
577 952 643 1014 anzi
665 955 807 1032 perdeva,
831 973 863 1015 se
894 956 995 1015 hanno
1020 953 1219 1014 fondamento
1247 954 1274 1012 le

316 1058 466 1135 difficoln,
481 1060 602 1121 rilevate
627 1061 787 1121 dail'acuto
810 1059 937 1122 critico?
958 1062 984 1121 Π
1007 1062 1081 1121 fatto
1112 1062 1129 1119 ὲ
1152 1060 1217 1132 che,
1237 1059 1272 1118 ad

317 1185 358 1227 un
380 1175 496 1228 attento
515 1186 625 1241 esame,
642 1186 705 1228 non
728 1186 840 1246 appare
862 1169 892 1227 la
907 1166 1031 1231 minima
1048 1166 1157 1228 traecia
1170 1165 1202 1226 di
1218 1184 1273 1225 una

316 1284 400 1353 parte
423 1272 540 1337 diversa
554 1278 610 1337 che
634 1276 766 1337 avrebbe
789 1286 879 1336 avuta
901 1274 1031 1336 Eschino
1046 1273 1078 1334 in
1096 1274 1270 1336 Menandro.

316 1381 494 1444 L’abbiamo
516 1381 564 1462 gia
587 1385 672 1444 detto
695 1384 760 1457 che,
786 1401 818 1443 se
841 1385 957 1444 Demea
978 1383 1060 1460 parla
1083 1382 1122 1442 ad
1144 1380 1273 1442 Eschino

316 1491 381 1550 solo
404 1492 479 1551 sulla
501 1490 609 1566 strada,
632 1489 680 1552 cio
702 1509 777 1558 non,
790 1510 884 1569 prova
906 1491 962 1552 che
984 1509 1047 1551 non
1069 1487 1181 1550 l’abbia
1201 1487 1273 1549 visto

316 1595 412 1674 prima
436 1596 469 1657 in
491 1616 559 1659 casa
580 1596 613 1658 di
636 1598 779 1663 Micione.
802 1601 841 1659 Se
865 1598 918 1678 poi
940 1598 961 1658 il
984 1619 1014 1659 v.
1041 1600 1114 1672 706,
1139 1614 1193 1674 per
1215 1598 1274 1655 I'at·

316 1701 479 1765 testazione
501 1703 533 1765 di
561 1707 690 1778 Donato,
718 1724 862 1766 manoeva
890 1704 922 1765 in
953 1703 1052 1766 alcuni
1082 1700 1272 1774 manoscritti,

317 1827 427 1871 nessun
452 1821 584 1890 sospetto
607 1817 669 1890 puo
692 1813 809 1873 destare
825 1810 846 1871 il
870 1832 899 1872 v.
925 1815 988 1890 699
1009 1808 1085 1889 (Abi
1105 1813 1221 1870 domurn
1244 1828 1275 1868 ac

316 1919 383 1979 deos
400 1928 591 1999 comprecare,
609 1928 645 1985 ut
658 1940 779 1980 uxorem
799 1937 950 1979 accersas:
966 1917 1046 1998 abc);
1071 1918 1146 1977 oltre
1161 1915 1194 1976 di
1210 1917 1273 1990 che,

317 2027 397 2086 nella
413 2045 455 2090 sc.
471 2028 499 2085 V
517 2045 547 2099 4,
571 2025 623 2105 piis
638 2026 670 2087 di
694 2045 735 2087 un
754 2046 840 2087 verso
859 2024 1046 2087 cidimostra
1061 2026 1118 2085 che
1134 2023 1274 2097 Eschino,

318 2133 401 2211 dopo
424 2132 445 2192 il
468 2154 497 2197 v.
525 2152 596 2209 712,
621 2132 645 2194 si
667 2153 736 2195 reca
759 2135 923 2194 senz'altro
945 2130 976 2191 in
1000 2151 1068 2193 casa
1090 2131 1122 2191 di
1146 2129 1277 2192 Micione

315 2241 356 2300 ad
378 2239 536 2318 aspettarvi
559 2243 588 2302 la
611 2260 699 2320 sposa
723 2239 781 2320 (1).
806 2241 865 2300 Del
888 2249 977 2312 resto,
1007 2241 1117 2318 perche
1144 2237 1276 2299 Eschino

316 2356 510 2426 promettesse
533 2367 551 2406 a
574 2349 705 2409 Sostrata
734 2346 755 2407 il
788 2345 978 2408 matrimonio
1005 2364 1063 2406 con
1090 2343 1236 2415 Micione‚
1260 2348 1275 2403 e

316 2454 483 2516 necessario
506 2473 650 2533 supporre
674 2456 731 2516 che
755 2458 870 2514 Demea
892 2464 987 2515 stesso
1010 2455 1042 2514 lo
1064 2452 1155 2513 abbia
1182 2446 1277 2530 prima

315 2559 475 2622 informato
498 2560 547 2621 del
571 2580 626 2621 suo
648 2580 751 2623 nuovo
773 2560 928 2640 proposito
951 2559 982 2620 di
1002 2561 1114 2645 fingere
1129 2548 1277 2620 liberalia

316 2687 333 2728 e
356 2667 615 2730 condiscendenza
636 2688 690 2747 per
712 2666 910 2746 guadagnarsi
932 2668 952 2726 l’
965 2668 1067 2727 affetto
1089 2686 1106 2727 e
1136 2667 1166 2726 la
1190 2664 1276 2726 stima

316 2773 365 2836 dei
388 2774 453 2837 suoi
476 2774 601 2853 figliuoli
622 2773 681 2856 (2),
706 2774 755 2838 cio
778 2777 834 2838 che
857 2775 983 2836 sarebbe
1006 2792 1049 2835 un
1071 2774 1195 2835 assurdo
1218 2771 1275 2852 (3).

367 3113 409 3180 (1)
427 3115 487 3166 Non
505 3114 531 3163 lo
549 3114 682 3165 dissimula
700 3113 726 3164 lo
744 3113 891 3172 Dziatzko;
911 3111 956 3163 cfr.
979 3112 1026 3177 Op.
1046 3113 1097 3172 cit,
1117 3127 1141 3176 p.
1161 3125 1187 3173 4,
1206 3127 1231 3160 n.
1253 3118 1275 3174 ς,

314 3205 342 3255 in
361 3203 420 3255 fine.

367 3292 408 3360 (2)
427 3293 479 3345 cfr.
498 3294 507 3343 i
526 3311 565 3345 vv.
584 3293 644 3361 865,
665 3293 718 3344 868
735 3309 799 3360 sgg.,
820 3291 870 3355 872
892 3308 956 3357 sgg,
977 3290 1037 3356 879,
1057 3289 1108 3356 986
1127 3304 1191 3355 sgg,
1205 3305 1257 3340 ecc.

367 3382 408 3447 (3)
426 3384 554 3445 Tuttavia,
570 3384 618 3434 che
635 3386 678 3434 un'
689 3384 772 3435 intesa
789 3383 813 3431 ci
832 3382 869 3432 sia
888 3382 971 3447 prima
989 3387 1054 3431 stata
1072 3396 1133 3446 pare
1152 3378 1243 3430 inclini
1261 3393 1275 3426 a

314 3472 424 3533 eredere,
443 3474 556 3525 sebbene
574 3490 621 3540 per
637 3474 701 3524 altre
719 3471 828 3537 regioni,
849 3471 868 3520 ii
886 3471 1016 3532 Nemini,
1043 3469 1088 3519 cfr.
1114 3471 1154 3518 Dc
1175 3469 1237 3518 Ter.
1256 3483 1274 3516 c.

305 3561 390 3625 font..
411 3578 437 3628 p.
459 3575 517 3624 142,
537 3578 562 3613 ιι.
585 3576 606 3622 ι,
625 3562 652 3611 in
671 3561 739 3614 fine:
763 3561 868 3625 «Syrus
886 3565 912 3610 et
925 3559 1076 3620 Aeschinus,
1091 3558 1135 3623 qui
1149 3558 1274 3608 Demeam

312 3651 392 3717 probe
411 3659 509 3717 norant,
524 3667 569 3702 cur
581 3652 649 3704 senis
663 3657 775 3702 mutatos
790 3656 896 3716 repente
914 3664 997 3700 mores
1011 3662 1064 3698 non
1076 3648 1273 3701 admirantum..
