2850 4259
503 265 670 311 snsnrnor
768 267 771 271 ·
1023 272 1064 329 33

47 421 49 476 ς
117 396 192 468 Dice,
216 389 269 456 tibi
293 394 383 457 dico:
421 401 455 457 τύ
473 396 559 456 illum
582 401 733 472 eorrumpi
756 392 837 458 sinis.

47 483 49 538 Ξ
117 488 168 545 ΜΙ.
189 484 319 545 Homine
344 485 472 563 inperito
495 491 659 562 nr‘rmquam
684 483 843 569 quicquam
866 482 1012 558 ininstius,

47 623 49 654 ,
117 574 169 649 Qui
189 574 245 633 nisi
268 576 350 651 quod
373 575 437 652 ipse
460 574 530 635 fecit
553 574 594 633 nil
617 578 731 633 rectiim
754 583 849 651 putat.
892 613 905 628 e

47 723 48 730 ,
117 666 172 723 DE.
194 665 345 739 Quorsum
368 666 468 725 istuc?
505 665 563 723 Ml.
588 661 667 739 Quia
690 672 732 736 tu,
758 666 880 736 Demea,
895 664 969 724 haec
986 666 1063 748 male

47 801 48 810 ,
569 758 576 772 '
603 752 613 811 i
649 773 672 812 S.

47 857 49 916 ζ
116 843 178 899 Non
199 848 242 901 est
264 841 415 920 flagitium,
440 841 515 902 mihi
538 754 648 914 eliiiilei,a
660 842 919 902 adulescentulum

1002 775 1061 812 100

47 961 48 982 2
116 930 233 990 Scortari
255 951 354 1008 neque
369 940 493 1010 potare:
534 942 684 992 nonest:
724 937 822 1006 neque
845 929 924 992 foris

47 1041 48 1070 1
115 1020 284 1098 Ecsringere.
325 1023 400 1082 haec
422 1021 447 1081 si
469 1027 567 1097 neque
590 1040 647 1098 ego
670 1039 771 1097 neque
794 1030 827 1079 tu
852 1019 985 1090 fecimus,

115 1110 177 1168 Non
200 1108 248 1169 siit
271 1121 386 1187 egestas
409 1113 504 1171 facere
527 1129 593 1169 nos.
628 1119 661 1168 tu
685 1115 766 1169 nr'rnc
790 1108 845 1168 tibi

47 1261 48 1268 1
114 1197 145 1254 Id
165 1199 244 1258 laridi
267 1199 361 1273 ducis,
386 1200 467 1276 quod
491 1212 554 1258 tum
574 1195 670 1259 fecisti
693 1197 819 1274 inopia?

1004 1216 1062 1276 105

48 1309 49 1314 ¹
114 1285 295 1348 Ininrinmst:
336 1309 406 1348 narn
430 1288 454 1348 si
478 1294 555 1348 esset
578 1288 658 1347 unde
683 1286 716 1345 id
739 1289 833 1361 fieret,

47 1481 49 1486 ’
114 1488 220 1530 semente
247 1481 289 1530 nei
320 1497 358 1531 vv.
384 1490 484 1545 94·95;
513 1497 555 1529 ma

113 1548 242 1600 Eschinoe
261 1568 361 1616 sempre
377 1552 501 1616 l’oggetto
513 1552 556 1601 del

113 1622 224 1682 discorso,
240 1640 255 1673 e
276 1639 329 1672 non
347 1619 400 1688 puo
419 1639 501 1673 essere
519 1624 556 1671 di·

113 1692 249 1755 menticato,
263 1690 295 1743 ne
314 1711 377 1759 pure
390 1709 436 1760 per
450 1694 555 1744 esaltare

47 1779 49 1786 ·
113 1763 128 1811 il
145 1763 243 1814 fratello
261 1767 287 1814 in
310 1782 357 1813 suo
382 1767 474 1814 donno.
502 1765 555 1816 Cfr.

47 1831 49 1834 ’
113 1834 173 1883 nello
193 1842 271 1886 stesso
284 1853 306 1888 v.
322 1836 356 1897 96
369 1838 417 1895 illi,
435 1854 449 1886 e
467 1837 555 1903 l'App.

112 1906 159 1955 crit.
173 1933 205 1941 -
225 1909 271 1967 illi,
285 1923 359 1956 come
371 1909 418 1956 tibi
429 1908 470 1957 del
484 1924 556 1958 verso

112 1993 165 2041 seg..
186 1973 268 2027 edat.
288 1980 448 2027 incommodi.

142 2059 182 2111 97.
201 2058 230 2098 tu
247 2050 330 2099 illum.
352 2049 444 2114 Spesso
465 2066 566 2122 mono-x

112 2119 189 2169 sillabi
202 2120 349 2171 terminanti
362 2122 389 2169 in
400 2121 487 2171 vocale
499 2122 555 2170 lun-

111 2204 140 2252 ga
156 2207 171 2238 o
189 2193 216 2240 in
240 2209 272 2247 na
299 2192 403 2240 innanzi
427 2209 442 2241 a
467 2193 555 2264 parole

112 2263 271 2312 cominciante
283 2280 330 2328 per
342 2264 430 2313 vocale
442 2280 458 2312 o
471 2281 516 2329 per
529 2265 554 2322 k,

112 2345 157 2380 non
174 2335 194 2382 si
212 2333 323 2393 elidono,
338 2351 378 2382 ma
392 2335 413 2383 si
426 2343 555 2400 assogget-

112 2409 164 2452 iano
182 2421 230 2454 con
249 2405 274 2453 la
292 2405 384 2454 sillaba
397 2406 499 2455 iniziale
518 2423 555 2455 se·

110 2485 196 2535 guente
215 2476 266 2524 ailo
290 2484 370 2525 stesso
394 2479 469 2536 ictus,
495 2494 509 2527 e
534 2478 555 2525 si

110 2544 263 2599 abbreviano.
283 2547 336 2596 Cfr.
350 2563 372 2596 v.
390 2561 435 2598 111
452 2566 490 2597 me
504 2550 555 2606 ad,·

113 2615 155 2664 118
164 2619 249 2666 dume
265 2618 270 2683 Ι
285 2621 338 2676 rit;
351 2635 402 2669 ecc.
410 2619 493 2668 Simili
504 2620 555 2668 casi

110 2686 271 2738 sincontrano
281 2691 362 2740 anche
372 2691 414 2740 nei
423 2692 494 2755 poeti
501 2692 553 2739 dat·

610 1479 684 1530 ficato
693 1481 822 1545 generale,
831 1481 869 1531 sia
880 1482 907 1531 di
920 1481 1064 1546 significato

610 1552 728 1617 speciale,
746 1554 779 1601 da
797 1554 930 1603 desumere
943 1552 984 1601 dal
1003 1570 1065 1602 con·

611 1630 683 1672 testo.
703 1623 756 1673 Cir.
776 1641 814 1673 vv.
834 1638 877 1685 44,
892 1623 990 1689 81,98,
1007 1637 1064 1688 127,

613 1707 669 1760 133,
700 1705 756 1759 153,
785 1712 835 1745 ecc.
866 1694 991 1746 Cicerone
1019 1712 1065 1745 usa

610 1765 771 1814 d’ordinario
795 1768 823 1815 in
848 1775 938 1832 questa
965 1768 1031 1817 frase
1055 1768 1064 1816 i

609 1837 681 1885 verbi
696 1838 838 1902 pertinere,
863 1845 987 1901 spectare,
1008 1856 1064 1887 eva-

610 1909 676 1968 dere,
691 1925 704 1957 e
717 1910 798 1958 anche
811 1910 901 1957 cadere
911 1925 925 1958 e
934 1910 1047 1959 recidere
1054 1928 1065 1966 ,·

611 1996 652 2027 ma
671 1995 724 2027 non
740 1977 822 2029 erare
834 1978 866 2028 ne
880 1995 956 2038 meno
974 1980 1001 2028 in
1019 1981 1064 2040 lui,

609 2051 625 2098 1’
638 2050 718 2100 ellissi
737 2051 779 2100 del
797 2052 883 2101 verbo.
904 2050 957 2099 Cfr.
977 2053 1010 2100 ad
1029 2069 1063 2101 es.

610 2123 647 2169 od
662 2124 737 2173 Fam.
764 2137 802 2182 11,
829 2132 870 2185 27,
899 2122 914 2170 6
940 2139 1065 2185 quorsum

609 2193 691 2257 ι’,ςνίίιιν
711 2195 772 2242 haec
790 2195 895 2242 oratio)

649 2277 706 2315 101.
721 2265 784 2313 Non
797 2264 982 2330 cststogitium.
998 2265 1064 2316 Noi:

614 2354 624 2376 ι
645 2337 703 2384 Non
724 2334 738 2384 ὲ
757 2336 800 2400 poi
820 2352 855 2384 un
873 2352 936 2399 gran
955 2337 1022 2386 male
1042 2357 1062 2385 ν.

610 2405 666 2453 Con
677 2405 814 2470 flagitium
834 2407 854 2455 si
869 2407 985 2456 indicava
1003 2410 1065 2472 ogni

610 2478 694 2542 speeie
708 2477 734 2525 di
745 2478 826 2526 azioni
840 2478 996 2538 scandalose,
1010 2487 1063 2528 tur·

609 2549 645 2613 pi,
656 2547 803 2610 infamanti;
819 2549 976 2612 «sacrilegio
989 2569 1000 2593 ι
1014 2558 1063 2599 tra·

609 2620 673 2668 duce
685 2620 702 2667 il
714 2618 814 2678 Cesari3
825 2619 950 2670 Cicerone
960 2621 1061 2671 unisce:

609 2692 709 2754 stupris
720 2690 891 2755 flagitiisque,
911 2693 1016 2741 dedecus
1041 2700 1066 2741 et

110 2756 172 2821 tilici,
191 2761 223 2809 ed
241 2761 269 2809 in
287 2762 343 2824 tesi,
357 2779 382 2827 p.
396 2780 417 2811 e.
438 2763 464 2810 in
478 2763 553 2812 Lucr.
601 2760 746 2825 flagitium,
763 2764 834 2811 vitiis
858 2771 935 2826 atque
951 2764 1064 2828 flagitiis

111 2838 131 2890 2,
147 2845 198 2892 404
217 2831 309 2880 contra‘
326 2849 392 2896 quae
410 2850 425 2881 a
442 2837 446 2898 Ι
463 2833 552 2892 mdra;

111 2912 130 2961 2,
157 2900 203 2951 681
236 2902 300 2951 saint
330 2921 387 2951 cum
419 2904 554 2966 aldem

110 2968 157 3021 Cat.
179 2984 219 3035 97,
252 2989 261 3023 1
294 2972 336 3024 νηί
357 2975 385 3022 di
410 2992 426 3022 a
442 2978 446 3036 Ι
463 2972 554 3034 nze‘nt,·

109 3038 157 3102 (nel
175 3043 274 3104 falecio,
289 3054 330 3109 55,
343 3059 361 3106 4
374 3046 442 3094 circo
454 3054 478 3095 te
495 3044 553 3111 in);

110 3127 129 3169 e,
146 3115 185 3163 nei
204 3116 273 3181 poeti
292 3118 416 3180 augustei,
437 3118 464 3165 in
481 3118 553 3182 Virg.

109 3181 167 3233 Buc.
185 3185 209 3245 8,
238 3198 285 3249 107
313 3186 348 3235 dn
373 3190 421 3251 qui
441 3188 554 3243 anacim,-

110 3252 174 3305 Oraz.
188 3260 241 3310 Sat.
258 3271 278 3321 1,
290 3276 316 3324 9,
330 3257 363 3321 38
377 3260 403 3309 si
412 3276 450 3307 me
462 3259 535 3308 onrds
542 3278 554 3318 ,·

110 3334 130 3381 2,
149 3340 170 3387 2,
190 3327 239 3388 283
261 3346 311 3379 ecc.

144 3410 197 3449 100.
231 3402 360 3461 Quorsum
391 3403 478 3450 istuc)
508 3401 552 3454 sel.

106 3471 247 3542 pertineto
264 3473 334 3527 dicis,
360 3488 433 3521 come
459 3480 554 3521 annosa

109 3535 210 3589 Donato.
235 3544 257 3592 E
280 3543 415 3608 frequente
441 3544 468 3592 in
493 3545 552 3593 Ter.

109 3605 197 3660 l'ellissi
216 3613 257 3663 del
275 3614 361 3676 verbo,
375 3615 412 3664 sia
430 3616 457 3663 di
476 3615 553 3678 signi·

608 2848 635 2880 sc
652 2834 803 2895 inquinare,
811 2833 923 2899 flagitiis
943 2836 1064 2883 contami·

610 2905 769 2960 notissimus,
789 2920 840 2952 ecc.
865 2931 898 2939 -
917 2906 1064 2953 adulescen-

609 2975 693 3022 tulum
701 2991 711 3030 ,·
736 2974 757 3022 si
786 2976 840 3023 noti
868 2976 887 3023 il
911 2976 1064 3025 diminutivo

610 3042 667 3109 (cir.
678 3046 738 3095 Per.
751 3043 789 3109 r);
801 3048 845 3111 qui
854 3046 921 3096 forse
930 3063 983 3095 non
990 3064 1064 3097 senza

610 3132 644 3164 un
664 3116 809 3180 significato
828 3116 947 3182 speciale.

649 3199 705 3249 104.
725 3190 777 3246 siit,
797 3189 918 3253 pirrichio
938 3212 973 3230 =
991 3192 1063 3247 sinit,

609 3273 658 3306 con
677 3258 701 3307 la
720 3260 812 3308 caduta
830 3260 898 3309 della
917 3276 1021 3311 corson.
1036 3279 1061 3319 u,

609 3346 623 3379 e
636 3330 655 3377 il
668 3337 842 3394 conseguente
855 3332 1064 3381 abbreviamento

609 3400 651 3450 del
670 3403 754 3466 primo
772 3404 790 3461 i,
809 3418 854 3467 per
872 3403 1011 3468 posizione.

649 3472 705 3522 106.
734 3475 869 3521 lniurzum
895 3481 934 3523 est
957 3471 971 3522 ὲ
997 3476 1063 3525 irase
1086 3529 1088 3534 ,

609 3544 711 3609 propria
734 3545 793 3593 dell'
804 3545 888 3593 antico
913 3545 1010 3605 latin03
1036 3546 1063 3595 in

609 3615 734 3665 Cicerone
747 3616 839 3665 ricorre
854 3632 904 3665 una
918 3618 985 3666 volta
998 3618 1062 3678 sola,

938 3755 954 3806 3
