2850 4259
533 265 702 320 aosnsuos

539 620 590 676 so,
612 620 688 690 sn]

352 850 507 905 GE'I'A

360 943 495 1011 snnvos

687 842 876 906 ΒΕΜΕἈ

723 961 838 1010 snnsx

125 1196 199 1256 GE.
224 1196 292 1268 Era,
318 1214 375 1273 ego
390 1197 450 1255 hnc
463 1196 503 1254 ad
526 1197 582 1255 hos
597 1202 728 1272 prou1s0,
753 1213 843 1270 quam
865 1194 1098 1272 mox-utrginem

129 1287 308 1344 Accersant.
357 1285 411 1344 sed
433 1286 537 1345 cecum
561 1287 717 1344 Dcmeam.
765 1286 863 1342 saluos
886 1283 952 1343 sies.
1033 1287 1097 1362 890

133 1558 236 1608 mento,
256 1566 309 1599 non
322 1550 397 1600 crede
416 1568 431 1598 a
449 1548 490 1599 cio
508 1551 555 1599 che
574 1550 593 1599 il

134 1622 245 1671 vecchio
270 1622 308 1685 gli
327 1620 341 1671 ὲ
359 1629 455 1670 venuto
474 1622 591 1670 dicendo.

172 1691 235 1743 888.
248 1694 305 1757 ipso
319 1708 362 1741 re:
375 1708 405 1740 co
418 1692 436 1739 'l
449 1694 527 1749 fatto;
546 1693 591 1741 cfr.

133 1780 166 1812 re
185 1765 245 1828 ipsa
263 1763 306 1812 del
325 1779 348 1811 v.
369 1761 429 1813 860.
448 1766 505 1827 ipso
523 1764 555 1812 ha
568 1764 594 1812 la

133 1835 223 1900 prima
236 1834 328 1884 sillaba
340 1834 416 1883 breve
428 1851 433 1894 ;
453 1835 498 1882 cfr.
512 1851 534 1882 v.
550 1845 592 1895 72.

131 1932 171 1942 —
188 1907 338 1969 propediem
356 1926 393 1946 =
415 1913 498 1969 prope
517 1907 592 1965 diem,

135 1997 150 2021 ι
168 1986 267 2042 quanto
280 1975 364 2041 prima
378 1995 400 2035 ι,
413 1996 425 2018 ι
441 1975 479 2024 fra
492 1992 557 2040 poco
570 1992 592 2029 ³:

132 2064 169 2095 va
183 2046 229 2112 qui
243 2047 432 2110 regolarmente
452 2048 525 2094 unito
543 2062 592 2095 con

132 2118 156 2167 il
175 2118 272 2167 futuro.
295 2117 414 2181 Analoga
436 2117 591 2166 fortnazione

129 2185 148 2237 ὲ
165 2190 362 2253 propemodum,
376 2188 470 2252 uguale
486 2197 592 2252 aprope

128 2260 246 2308 modum.
262 2286 293 2294 -
314 2256 441 2309 Demea&
456 2260 590 2309 interrotto

129 2330 327 2396 dall'apparire
360 2330 386 2378 di
423 2331 489 2380 Geta
524 2330 592 2379 sulla

131 2409 211 2467 porta
242 2400 312 2449 della
338 2416 397 2449 casa
424 2402 450 2449 di
478 2400 590 2450 Sostrata

127 2472 168 2536 (v.
197 2473 222 2520 la
249 2487 326 2520 scena
350 2470 424 2536 seg.),
451 2488 466 2521 o
494 2472 591 2535 meglio

126 2543 203 2592 dalle
222 2543 311 2608 parole
330 2543 356 2591 di
375 2543 412 2591 lui
431 2541 491 2607 (sed
506 2559 590 2591 eccum

127 2615 265 2664 Demeam.
285 2614 374 2663 saluos
396 2616 453 2663 sies.
473 2630 496 2661 v.
516 2611 590 2678 890),

127 2685 182 2734 che
201 2684 238 2747 gli
256 2685 356 2733 davano
375 2684 451 2734 facile
474 2685 590 2750 appiglio

127 2773 147 2804 a
175 2756 264 2821 quegli
290 2756 419 2819 sperticati
443 2756 520 2819 elogi,
543 2757 589 2805 che

130 2827 285 2876 formavano
312 2833 383 2891 parte
405 2826 589 2892 principalissi-

127 2914 176 2946 ma
195 2897 239 2946 nel
253 2913 338 2946 nuovo
354 2908 483 2961 contegno
502 2898 534 2946 da
553 2897 590 2947 lui

128 2985 178 3017 ora
190 2978 296 3017 assunto
310 2969 337 3016 in
352 2969 504 3017 commedio.
525 2969 588 3027 siro,

131 3039 209 3088 finito
228 3039 247 3086 il
266 3056 313 3087 suo
332 3039 443 3087 incarico
462 3040 504 3087 del
523 3056 590 3090 mes-

127 3111 231 3173 saggio,
251 3110 289 3158 fra
314 3117 385 3158 tanto
411 3111 432 3159 si
451 3112 529 3169 sitim,
551 3110 590 3159 in-

130 3182 241 3230 credulo
267 3198 312 3245 per
337 3177 372 3240 sc,
392 3198 407 3230 e
426 3182 494 3229 forse
515 3182 589 3230 sorri-

127 3253 218 3301 dendo
238 3253 422 3302 ironicamente
436 3269 482 3318 per
500 3251 525 3301 le
537 3253 589 3317 pri·

128 3339 175 3372 me
200 3323 289 3387 parole
313 3323 360 3371 che
381 3324 413 3371 ha
438 3324 521 3373 intese
545 3323 589 3371 dal

128 3396 237 3443 vecchio
250 3394 376 3457 rivolgere
389 3411 402 3442 a
417 3396 490 3444 Geta.
511 3393 587 3442 Com-

129 3462 216 3530 parit&
236 3465 263 3512 di
282 3480 368 3514 nuovo
383 3465 450 3513 sulla
469 3481 545 3514 scena
563 3465 589 3514 al

126 3552 153 3584 v.
165 3535 217 3600 899
229 3536 256 3584 in
267 3537 420 3600 compagnia
430 3536 457 3584 di
466 3535 587 3585 Eschino.

125 3606 184 3655 Cfr.
203 3608 272 3671 App.
292 3606 348 3656 crit.

682 1550 714 1607 V,
735 1563 750 1613 3
770 1546 820 1615 [6]
842 1549 864 1599 ll
882 1566 954 1600 servo
976 1549 1048 1607 Geta,
1069 1566 1097 1598 u-

647 1621 742 1669 scendo
768 1621 836 1669 dalla
854 1637 911 1670 casa
935 1621 962 1669 di
986 1620 1098 1669 Sostrata

646 1708 692 1757 per
717 1692 808 1742 recarsi
833 1692 861 1740 in
885 1692 972 1757 quella
997 1691 1023 1739 di
1047 1692 1097 1739 Mi-

646 1764 727 1826 cione,
749 1763 845 1826 rivolge
871 1764 937 1812 sulla
961 1769 1033 1829 porta
1053 1779 1097 1811 an-

646 1848 705 1882 cora
724 1834 806 1899 poche
818 1834 906 1899 parole
925 1834 976 1882 alla
988 1849 1034 1882 sua
1052 1850 1096 1897 pa·

645 1905 742 1954 drona..
758 1906 858 1955 Metro:
887 1906 989 1953 senario
1015 1906 1098 1970 giom-

647 1977 707 2025 bico.

683 2044 743 2108 889.
772 2047 821 2096 huc
849 2048 887 2095 ad
910 2046 972 2095 hos:
1003 2065 1014 2089 e
1044 2047 1097 2111 qui,

645 2118 678 2165 da
701 2118 784 2182 questi
805 2118 883 2166 vicini
913 2134 935 2166 ι.
963 2118 1021 2166 Essi
1045 2133 1098 2165 non

645 2204 724 2238 erano
737 2189 849 2253 presenti
865 2188 931 2238 sulla
943 2202 1034 2248 scena;
1049 2196 1098 2237 tut·

645 2260 712 2308 tavia
743 2275 806 2308 sono
840 2260 944 2309 indicati
975 2275 1023 2308 con
1055 2260 1098 2307 lms

645 2327 739 2396 perch&
759 2330 827 2402 della
853 2347 911 2379 casa
934 2331 1054 2387 Micione,
1079 2329 1098 2377 il

645 2401 729 2466 quale,
759 2417 832 2450 come
863 2418 915 2450 uno
943 2402 985 2451 dei
1012 2410 1097 2466 prota-

645 2472 748 2536 gonisti,
777 2474 884 2532 abitava,
914 2469 1004 2521 com'c
1027 2480 1096 2529 noto,

644 2543 711 2593 sulla
731 2558 814 2593 scena.
835 2543 888 2592 Cfr.
908 2544 927 2591 il
945 2544 1021 2602 Bach,
1037 2543 1098 2591 Stu-

645 2616 715 2674 dem⁸¹
729 2615 803 2663 Stud.
823 2616 856 2673 ΙΙ,
876 2632 901 2680 p.
925 2614 991 2680 185:
1018 2634 1030 2658 ι
1052 2614 1097 2678 qui

645 2700 706 2734 usus
732 2685 791 2734 inde
815 2694 884 2734 ortus
909 2693 955 2747 est,
975 2684 1045 2750 quod
1071 2685 1098 2733 in

644 2756 770 2805 Plautinis
789 2756 1004 2821 Terentianisque
1025 2755 1098 2804 fabu-

645 2827 677 2875 lis
689 2827 730 2876 vel
745 2827 770 2874 in
782 2843 872 2877 scaena
882 2827 922 2877 vel
935 2842 1016 2891 prope
1029 2842 1097 2874 scne-

644 2914 704 2946 nam
730 2899 805 2947 aedes
832 2898 892 2946 sitas
911 2913 965 2946 esse
985 2896 1097 2960 fingitur,

644 2969 779 3033 inquibus
799 2970 822 3017 ei
841 2968 886 3033 qui
902 2968 996 3033 primas
1011 2975 1097 3032 partes

644 3048 732 3102 agunt,
753 3039 835 3089 solent
859 3039 974 3088 habitare
995 3059 1017 3086 ι.
1043 3037 1096 3086 Cfr.

644 3111 726 3159 anche
750 3111 776 3159 la
797 3119 858 3159 nota
882 3111 914 3159 nd
938 3110 1030 3158 Ellum
1054 3109 1096 3157 del

643 3197 667 3230 v.
682 3180 742 3230 260.
757 3208 791 3217 -
806 3183 929 3245 prouisa:
948 3181 1014 3229 vado
1027 3197 1042 3229 a
1054 3196 1096 3229 ve·

644 3252 712 3301 dere.
733 3252 842 3312 Infanti,
856 3252 968 3302 secondo
982 3251 1095 3308 Donato,

644 3323 708 3371 duas
727 3338 767 3372 res
790 3322 924 3387 significat,
940 3324 1051 3387 procedo
1071 3331 1096 3371 et

643 3395 716 3442 video
727 3412 739 3452 ,·
766 3394 817 3442 allo
842 3402 922 3444 stesso
947 3394 1024 3442 modo
1049 3394 1096 3442 che
1121 3401 1123 3404 '

643 3465 730 3513 reuiso
748 3463 805 3529 (cfr.
822 3466 854 3515 ad
868 3466 953 3514 Andr.
973 3464 1038 3526 404)
1056 3482 1096 3512 re·

643 3536 689 3583 deo
707 3544 739 3584 ut
756 3538 864 3588 uideam.
885 3534 938 3587 Cfr.
958 3535 984 3585 la
1001 3545 1063 3584 nota
1081 3552 1096 3584 a

639 3607 856 3671 prodeambulorc
882 3607 925 3657 del
952 3623 975 3657 v.
998 3607 1058 3669 766,
1081 3623 1096 3656 e
