2850 4259
519 269 693 346 nuurrnon

522 600 578 658 SU.
596 601 614 655 ὅ

632 599 673 670 [8]

256 813 381 869 numo
462 813 615 870 DEMEA
687 814 939 869 AESCHINVS

265 923 374 973 SENES
415 953 423 957 -
518 924 546 975 II

693 924 922 974 ADVLESCENS

120 1141 184 1201 Ml.
208 1139 295 1198 Iubet
317 1140 431 1199 frater?
465 1138 518 1199 ubi
540 1137 567 1198 is
582 1140 651 1199 est?
679 1144 735 1198 trin
757 1138 843 1199 iubes
857 1142 925 1214 hoc,
949 1142 1083 1200 Demea?

116 1230 185 1289 DE.
210 1230 276 1305 Ego
299 1235 372 1289 uero
395 1227 486 1288 iubeo
509 1238 540 1288 et
561 1229 619 1288 hac
641 1247 673 1287 re
697 1238 728 1288 et
749 1228 814 1288 aliis
836 1229 977 1289 omnibus
1019 1246 1081 1307 9²5

119 1318 223 1394 Quam
247 1327 386 1377 maxume
410 1336 500 1377 unam
524 1318 623 1377 facere
645 1335 702 1377 nos
724 1320 803 1378 hane
825 1317 976 1391 familiam,

125 1407 236 1467 Colere
259 1406 402 1466 adiuuare
426 1406 598 1483 adiungere.
645 1408 711 1466 ΑΕ,
732 1410 777 1467 Ita
799 1416 919 1482 quaeso,
943 1418 1038 1485 pater.

29 1559 30 1568 χ
124 1497 186 1555 ΜΙ.
210 1496 302 1555 Haud
325 1493 411 1554 aliter
433 1513 552 1556 censeo.
599 1496 666 1555 DE.
689 1479 788 1558 lmrno
810 1497 911 1556 hercle
933 1495 974 1557 ita
995 1499 1085 1557 nobis

567 1584 656 1644 decet

120 1671 259 1733 Primum
282 1674 371 1732 huius
393 1672 507 1733 uxorist
529 1681 633 1734 mater.
679 1676 738 1734 Ml.
762 1675 824 1735 Est.
862 1673 934 1751 quid
957 1676 1084 1752 postea?

154 1938 188 1997 V,
210 1949 224 2004 5
246 1935 290 2004 [8].
316 1938 438 2002 Micione,
458 1954 574 2005 sorpreso

114 2008 189 2059 dello
217 2016 304 2058 strano
335 2010 425 2059 ordine
455 2010 515 2059 dato
542 2012 575 2060 da

114 2080 219 2130 Demea
247 2096 262 2127 a
287 2080 343 2129 Siro
368 2080 425 2144 (cfr.
451 2098 474 2130 v.
501 2082 573 2146 916),

112 2167 176 2202 esce
206 2150 232 2199 di
259 2165 317 2199 casa
340 2152 521 2216 interrogando
547 2150 574 2201 se

115 2229 209 2280 stesso,
222 2238 250 2271 se
264 2222 315 2270 mai
328 2238 404 2288 possa
418 2240 502 2273 essere
515 2240 574 2273 vero

116 2294 169 2342 che
186 2309 223 2341 un
243 2293 294 2342 tale
313 2294 403 2342 ordine
425 2295 463 2343 sia
481 2295 574 2359 partito

115 2364 161 2413 dal
198 2363 309 2415 fratello.
341 2366 434 2415 Metri:
471 2368 573 2414 senario

110 2434 572 2501 31131110(924·933,95619571),

114 2507 248 2555 ottonario
279 2509 404 2570 giambico
435 2505 572 2571 (944-955,

115 2574 192 2641 958),
212 2575 266 2627 Cir.
285 2578 354 2642 App.
374 2578 429 2628 crit.

151 2661 213 2709 924.
242 2649 318 2696 Iubet
338 2648 455 2712 frater)
483 2651 529 2698 ubi
551 2650 573 2698 is

111 2726 154 2767 est
164 2723 191 2766 1¹:
210 2718 324 2769 Micione
337 2720 522 2783 meravigliato‚
542 2721 573 2768 ri·

113 2796 177 2853 pete
191 2797 281 2854 queste
293 2790 381 2853 parole
393 2798 430 2839 tra
443 2788 470 2840 sle
483 2799 572 2840 stesso.

112 2860 169 2909 Del
188 2867 256 2909 resto
275 2861 298 2908 si
316 2862 441 2926 potrebbe
456 2879 471 2911 a
489 2863 573 2925 rigore

115 2932 201 2980 anche
228 2931 397 2995 immaginare
424 2933 471 2982 che
500 2934 573 2982 sieno

115 3002 210 3051 rivolte
224 3019 239 3050 a
257 3002 322 3061 Siro,
336 3003 354 3052 il
374 3003 451 3069 quale
464 3004 574 3054 avrebbe

115 3073 221 3137 seguito
249 3073 268 3121 il
296 3075 411 3139 padrone
439 3075 495 3124 sino
524 3075 575 3124 alla

116 3153 201 3210 porta.
220 3145 303 3202 Iubet,
323 3146 373 3195 due
393 3145 473 3199 brevi.

153 3224 217 3278 925.
235 3217 293 3280 Ego
312 3232 375 3264 uero
393 3218 483 3265 iubeo:
503 3238 515 3262 e
538 3217 576 3267 Si·

121 3302 193 3345 curo,
219 3285 236 3332 l'
246 3286 281 3333 ho
306 3287 367 3335 dato
392 3288 417 3336 io
442 3291 524 3352 quest’
536 3304 576 3337 or·

117 3357 180 3406 dine
202 3372 230 3414 ·;
249 3356 295 3406 cfr.
315 3358 336 3406 il
354 3373 392 3421 gr.
411 3355 458 3407 καὶ
477 3354 510 3423 δὴ
530 3376 575 3409 κε-

114 3424 195 3477 ledo).

153 3499 215 3560 926.
241 3515 323 3547 unam
340 3499 485 3567 facere...
509 3502 577 3550 hanc

109 3570 260 3633 familiam,
275 3570 321 3619 scl.
335 3588 392 3619 cum
405 3580 506 3631 nostra,
519 3573 576 3622 vale

115 3658 132 3689 3
151 3641 207 3690 dire
226 3658 284 3691 cum
304 3650 396 3691 nostra
412 3645 574 3709 coniungere.

666 1950 727 2000 927.
737 1940 886 2002 adiungere.
896 1938 995 2001 Questo
1005 1940 1083 1987 verbo

629 2010 662 2059 ha
681 2009 755 2075 quasi
773 2025 909 2073 sempre,e
929 2010 956 2058 in
974 2016 1040 2058 tutta
1058 2011 1084 2062 13

630 2078 738 2139 lationi,
752 2079 772 2128 il
790 2079 934 2143 significato
947 2080 973 2128 di
995 2100 1006 2123 ‹
1022 2096 1082 2130 con·

630 2151 723 2201 ciliarsi
741 2170 763 2211 r,
781 2170 793 2194 e
808 2153 965 2201 accattivarsi
979 2172 1001 2210 ι,
1019 2171 1029 2193 ι
1045 2151 1083 2200 as·

629 2223 764 2272 lezionarsi
791 2240 811 2278 s,
837 2222 964 2282 esimili;
990 2222 1034 2271 csr.
1058 2223 1084 2271 13

628 2302 690 2343 nota
714 2293 740 2341 al
764 2310 785 2341 v.
806 2293 847 2354 67,
868 2293 920 2342 eil
943 2309 966 2343 v.
987 2303 1029 2355 72.
1049 2319 1083 2329 -

628 2368 673 2414 Ita
692 2380 793 2428 quaeso,
809 2370 895 2427 pater.
908 2364 1021 2415 Eschino
1038 2380 1083 2428 ag·

628 2437 725 2500 giunge
751 2434 775 2483 le
800 2451 845 2483 sue
870 2434 1013 2499 preghiere,
1038 2452 1084 2501 per

628 2507 732 2555 indurre
760 2522 775 2554 a
804 2505 895 2555 cedere
928 2522 974 2555 suo
1005 2507 1083 2572 padre
1156 2518 1157 2522 ’
1233 2499 1241 2520 “

628 2576 749 2627 adottivo.

664 2648 725 2710 928.
756 2649 843 2697 Haud
869 2649 946 2697 aliter
977 2663 1084 2696 censeo:

627 2720 741 2769 Micione
760 2735 812 2768 non
831 2725 944 2783 sospetta
962 2714 995 2766 ne
1020 2734 1083 2783 pure

627 2791 693 2839 dove
717 2790 796 2840 andri
820 2807 835 2838 3
863 2790 966 2838 riuscire
989 2789 1008 2837 il
1033 2789 1084 2837 fra·

629 2862 701 2911 tello!
718 2888 750 2897 —
765 2863 864 2910 Immo:
887 2861 991 2908 rafforza
1006 2876 1020 2909 e
1033 2869 1083 2909 ret·

629 2932 698 2981 tifica
728 2933 754 2980 la
781 2931 935 2997 precedente
966 2931 1082 2980 afferma·

628 3005 701 3052 zione
721 3003 747 3051 di
770 3004 876 3061 Demea,
897 3002 969 3065 quasi
996 3003 1018 3050 si
1037 3017 1081 3050 vo·

630 3075 683 3139 glia
704 3075 775 3123 dire:
803 3090 855 3123 non
881 3074 961 3127 basta.
980 3087 1083 3121 occorre

631 3146 684 3195 sare
698 3145 724 3193 di
738 3141 799 3211 pii1;
814 3146 858 3194 cfr.
873 3143 1000 3202 Gandino,
1015 3144 1083 3192 Sint.

630 3218 647 3264 l.
661 3218 695 3275 II,
709 3229 752 3279 32.
765 3242 798 3251 -
812 3219 848 3265 ito
862 3212 876 3263 ὲ
892 3214 1034 3279 prolettico.
1048 3240 1082 3249 -

630 3290 703 3336 nohis
731 3288 818 3349 decet;
850 3287 894 3335 cfr.
924 3285 948 3333 13
973 3293 1034 3334 nota
1058 3285 1084 3333 al

631 3375 654 3409 v.
672 3372 734 3419 491.

666 3442 727 3490 929.
747 3428 876 3478 Primmn.
901 3428 952 3477 Nel
969 3427 1083 3476 discorso

631 3516 740 3549 saranno
758 3501 803 3565 poi
821 3499 980 3549 dimenticati
997 3499 1007 3547 i
1027 3514 1082 3547 cor·

631 3571 730 3621 relativi
749 3573 846 3630 deinde,
866 3578 930 3631 tum,
950 3585 1012 3629 ecc„
1024 3585 1083 3618 cosa

631 3642 820 3692 naturalissima
839 3641 908 3691 nella
926 3642 1030 3707 pariata.
1053 3667 1080 3676 -

939 3779 971 3828 14
