2850 4259
683 288 805 341 124

683 410 743 467 N
747 409 788 466 ss
836 406 1120 486 pepercit.

1444 285 1504 328 Ρ.
1549 283 1822 327 TER-:Nu

1199 416 1324 467 non
1355 406 1640 486 puduisse
1670 409 1986 468 uerberare
2016 406 2320 468 hominem
2349 404 2565 467 senem?

683 498 884 571 Quem
935 504 1046 574 ego
1086 498 1271 557 modb‘
1318 502 1570 574 puertim
1603 494 1900 557 tantillum
1946 495 2009 555 in
2051 495 2325 556 manibus
2366 500 2564 574 gestant

1568 604 1735 645 mels.

685 679 811 735 DE.
852 676 1064 752 Latido
1084 692 1097 733 :

910 886 926 902 x

681 919 769 983 ηπ]
793 920 831 969 si
857 921 921 968 ha
947 920 996 968 la
1024 919 1187 969 forma
1214 920 1393 968 isolata
1412 921 1577 977 dixti,-

681 1011 757 1039 [ππ.
797 991 888 1040 cfr.
930 990 1090 1048 Cima,
1134 992 1284 1039 Teor.
1326 992 1429 1040 stil.
1469 992 1576 1047 lat„

677 1083 713 1107 kf.
761 1063 830 1120 11,
871 1060 906 1127 ἓ
947 1071 993 1125 5.
1033 1061 1137 1110 Cfr.
1170 1077 1261 1127 per
1297 1061 1336 1110 il
1362 1062 1517 1111 verbo
1543 1061 1581 1109 il

677 1151 717 1175 π.
773 1146 891 1191 402.
946 1159 1012 1169 —
1063 1134 1206 1181 aibas
1256 1154 1325 1174 =
1376 1134 1581 1181 aiebas:

677 1215 801 1251 wan-[tte
840 1221 868 1253 e
907 1205 1007 1253 due
1057 1204 1105 1253 le
1153 1203 1315 1253 forme
1353 1219 1480 1252 sono
1521 1220 1578 1251 u-

677 1291 781 1323 ;-.ι-ῑπ.“
834 1276 1329 1324 indifferentemente
1378 1275 1443 1322 da
1481 1276 1579 1323 Te-

681 1351 872 1407 πςηῑέος
923 1346 1012 1411 qui
1065 1346 1101 1394 il
1150 1352 1312 1393 metro
1358 1345 1582 1394 richiede

677 1419 717 1459 ¹·-
769 1418 929 1483 prima
978 1425 1156 1465 contro
1207 1416 1255 1464 la
1305 1416 1580 1466 tradizione

673 1491 721 1531 ΝΞ
769 1488 881 1537 tutti
921 1488 938 1535 i
976 1487 1154 1536 codici.
1194 1487 1296 1535 Del
1333 1496 1481 1544 resto,
1510 1503 1578 1547 se,

681 1579 685 1619 i
713 1575 765 1607 rr
805 1575 872 1608 es.
914 1559 967 1607 in
993 1559 1153 1606 Phor.
1183 1557 1265 1621 83,
1306 1559 1347 1607 si
1385 1559 1451 1606 ha
1475 1574 1578 1605 ser·

677 1635 858 1687 .›.·‘.·'„:²‡·3=.ss‚
917 1630 959 1678 si
1022 1630 1173 1692 legge
1234 1631 1466 1677 seruibas
1525 1629 1578 1676 in

709 1703 847 1747 sms'r.
877 1699 959 1763 38,
990 1717 1018 1749 e
1055 1716 1256 1764 sempre
1283 1716 1410 1748 sono
1438 1708 1580 1749 usate

681 1779 721 1811 ·¹-··
757 1771 914 1820 san-rme
942 1773 1129 1819 scibam
1156 1788 1183 1819 e
1211 1773 1461 1818 nescibam
1489 1787 1580 1835 per

681 1867 689 1879 2
733 1843 883 1889 ,Γπ-ἔπαυε
912 1859 939 1892 e
969 1843 1260 1905 nesciebam.
1287 1842 1465 1891 Anche
1488 1858 1575 1905 po-

685 1911 1030 1962 aurion-mente
1067 1912 1286 1975 Virgilio
1324 1928 1352 1960 e
1391 1912 1578 1963 Ovidio

681 1989 844 2031 &Anno
885 1984 1045 2032 forme
1097 1999 1243 2032 come
1287 1986 1577 2042 nutribant,

673 2059 705 2099 ,π’-
725 2055 875 2114 nil-at,
915 2056 1140 2112 audibat,
1179 2056 1423 2109 mollibat,
1473 2069 1574 2104 ecc.

777 2126 989 2187 factum
1028 2145 1099 2165 =
1131 2125 1344 2189 sactum
1384 2134 1475 2182 est,
1514 2126 1579 2173 si·

673 2215 809 2246 ππππυ.
848 2196 953 2245 Cfr.
995 2206 1095 2260 543
1136 2205 1270 2254 nota,
1311 2196 1374 2245 ed
1405 2198 1574 2244 Andr.

673 2279 807 2327 s.r„5;
847 2269 991 2316 Eun.
1032 2267 1167 2329 7083
1207 2282 1308 2315 ecc.
1342 2293 1400 2302 -—
1432 2269 1577 2315 uenit

781 2339 947 2386 rediit.
990 2364 1056 2373 —
1093 2339 1361 2386 insaniens
1412 2335 1441 2386 ὲ
1488 2338 1577 2402 qui

673 2409 925 2456 -iuunimo
963 2408 1015 2455 di
1038 2408 1257 2472 furens.
1298 2410 1576 2457 Troviamo

677 2480 904 2527 ,.-.πππηίνε
940 2480 1222 2542 congiunto
1260 2494 1354 2528 con
1377 2480 1577 2544 furere

677 2571 721 2595 -ππ
769 2550 1029 2609 Cicerone,
1071 2568 1161 2615 per
1198 2566 1283 2609 eS.,
1335 2551 1483 2599 Verr.
1523 2564 1572 2613 4,

681 2627 753 2679 ΗΖ,
797 2632 861 2683 39
903 2629 1010 2669 ut...
1055 2624 1291 2670 insanire
1343 2623 1576 2669 omnibus

769 2690 963 2755 furere
1011 2690 1078 2755 (ι.
1121 2708 1257 2741 esser
1306 2707 1456 2757 preso
1510 2692 1576 2739 da

673 2763 838 2827 „azia
886 2762 1074 2810 furiosa
1117 2782 1158 2821 ι,
1214 2764 1418 2811 traduce
1470 2763 1574 2812 ele-

669 2841 997 2895 34:2ntemente
1042 2834 1080 2881 il
1122 2834 1404 2899 Brugnola)
1440 2835 1574 2881 vide·

669 2915 832 2952 ,ππ-ΕΗΓ.

741 2975 858 3039 552.
900 2992 1005 3023 non
1040 2976 1326 3039 puduisse:
1374 2975 1465 3026 cfr.
1508 2974 1575 3039 38

669 3071 693 3091 v
741 3056 854 3108 237.
887 3073 948 3081 --
989 3047 1237 3095 hominene
1278 3063 1461 3102 senem,
1504 3063 1573 3095 un

673 3139 713 3170 w
729 3133 855 3167 ιἰππῑτο
883 3117 1106 3166 vecchio.
1137 3117 1250 3165 Siro
1275 3133 1425 3166 senza
1447 3118 1574 3166 dub-

673 3191 753 3235 ἑπῖιπ
793 3204 1000 3251 esagera
1048 3188 1183 3237 nella
1227 3204 1318 3236 sua
1358 3188 1574 3238 finzione

669 3275 677 3311 ιζ
697 3261 940 3323 ιπππππ.τίιί.ς.ς·ε
966 3276 1013 3324 q.
1044 3259 1146 3321 SS.),
1177 3275 1258 3307 ma
1295 3275 1400 3307 non
1442 3268 1573 3324 trop·

673 3359 749 3395 2¹⁶*
789 3347 842 3379 5e
897 3326 926 3378 ὲ
962 3346 1084 3379 vero
1120 3330 1295 3394 quello
1332 3330 1425 3379 che
1471 3331 1575 3393 egli

669 3407 781 3451 *sce
819 3401 906 3450 nel
946 3417 1096 3451 verso
1137 3409 1398 3465 seguente‚
1452 3418 1479 3449 e
1521 3418 1575 3450 se

669 3475 693 3515 πῖ
737 3488 851 3520 vtro
900 3487 1087 3520 ancora
1123 3472 1217 3521 che
1268 3471 1337 3535 gli
1383 3472 1574 3521 schiavi

663 3546 948 3607 paedagogi
980 3543 1116 3592 della
1141 3543 1472 3592 fanciullezza
1498 3544 1572 3591 di-

669 3627 948 3663 vmnavano
985 3612 1305 3663 iconfidenti
1333 3632 1360 3663 e
1398 3615 1415 3662 i
1448 3630 1570 3663 con-

1172 673 1476 752 Ctesipho,
1514 672 1823 753 patrissas:

1891 672 2009 747 abi,
2043 672 2235 733 uirum
2267 683 2326 732 te
2368 672 2558 733 indico.

1688 919 1882 983 siglieri
1909 919 2044 968 della
2067 919 2357 983 giovinezza
2374 920 2450 969 dei
2469 920 2567 968 loro

1689 990 1919 1056 padroni,
1946 990 2059 1038 sino
2097 1007 2126 1037 a
2164 997 2336 1040 tenere
2371 991 2405 1038 il
2439 1005 2566 1039 sacco

1689 1062 1774 1111 nei
1815 1062 1923 1109 loro
1962 1061 2188 1124 intrighi.

1764 1133 1880 1196 563.
1926 1133 2111 1192 Quem:
2164 1128 2275 1182 οἰοὲ
2312 1150 2420 1181 eum
2452 1130 2570 1197 (non

1680 1200 1957 1272 pudgeisse)
1984 1219 2147 1266 quem.
2176 1229 2243 1237 —
2272 1206 2424 1262 modo,
2452 1217 2568 1267 poco

1690 1274 1755 1323 fa.
1786 1275 1829 1322 E
1848 1282 2027 1339 questa
2053 1289 2155 1322 una
2181 1274 2286 1323 cosi
2312 1285 2565 1339 spontanea

1690 1361 1718 1394 e
1746 1346 1974 1394 naturale
2000 1345 2367 1407 esagerazione,
2394 1345 2477 1394 che
2505 1343 2565 1391 mi

1689 1416 1989 1479 meraviglio
2037 1431 2183 1465 come
2240 1416 2291 1465 lo
2345 1414 2571 1464 Dziatzko

1687 1487 1738 1535 vi
1795 1487 1948 1534 abbia
1996 1486 2124 1535 satta
2173 1486 2223 1535 la
2271 1486 2566 1536 matematica

1688 1557 1973 1607 deduzione
2011 1558 2105 1607 che
2143 1556 2403 1607 Ctesifone
2436 1574 2511 1607 era
2540 1572 2566 1604 a

1688 1644 1821 1693 pena
1845 1629 2007 1677 uscito
2037 1629 2089 1676 di
2130 1630 2377 1693 pueritia!
2407 1649 2428 1673 α
2458 1628 2574 1677 Sino

1686 1717 1717 1747 a
1767 1700 1858 1749 ieri
1901 1719 1944 1757 ι,
1990 1701 2245 1749 diremmo
2292 1701 2392 1749 noi.
2441 1699 2568 1747 modo

1687 1766 1715 1818 ὲ
1742 1786 1812 1819 un
1850 1771 2107 1835 pirrichio.
2138 1798 2205 1806 —
2224 1779 2446 1834 puerum
2469 1778 2567 1818 tan·

1688 1843 1896 1905 tillumf·
1942 1839 2223 1896 δεικτικῶς
2240 1861 2255 1889 .·
2297 1862 2319 1884 α
2361 1858 2428 1890 un
2472 1841 2563 1889 san·

1687 1912 1843 1960 ciullo
1868 1911 1972 1961 cosi
2004 1932 2026 1956 n
2058 1913 2169 1962 dice
2208 1912 2339 1973 siro,
2375 1911 2568 1962 facendo

1687 1998 1757 2031 un
1813 1999 1973 2046 segno
2028 1983 2166 2033 della
2220 2000 2386 2041 mano,
2440 1998 2568 2031 come

1687 2054 1934 2102 facciamo
1990 2055 2077 2104 noi
2127 2070 2219 2120 per
2266 2055 2480 2103 indicare
2520 2052 2567 2100 la

1685 2125 1983 2191 piccolezza.

1759 2196 1878 2260 564.
1904 2198 2103 2256 Laudo,
2129 2197 2304 2245 bravo.
2335 2197 2485 2246 Senza
2507 2210 2577 2243 un*

1685 2277 1909 2330 oggett0,
1963 2284 2108 2317 come
2158 2268 2213 2315 in
2252 2270 2419 2317 Andr.
2458 2280 2568 2328 443,

1683 2348 1824 2402 455;
1863 2341 2008 2387 Eun.
2057 2352 2185 2402 154;
2238 2354 2341 2388 ece.
2383 2366 2440 2375 -
2482 2346 2569 2401 pa-

1684 2412 1899 2457 trissas:
1936 2411 2009 2459 sei
2049 2419 2138 2458 tuo
2188 2410 2344 2475 padre
2380 2410 2432 2458 in
2465 2424 2569 2472 per·

1685 2496 1823 2537 sona.
1878 2481 2084 2544 somigli
2134 2481 2187 2529 in
2239 2488 2371 2530 tutto
2417 2498 2445 2528 a
2493 2490 2574 2527 tuo

1683 2552 1858 2617 padre.
1879 2552 2000 2599 Non
2020 2553 2235 2601 essendo
2258 2567 2437 2600 ancora
2455 2558 2572 2598 stata

1682 2622 1963 2672 introdotta
1998 2622 2049 2671 la
2084 2640 2127 2681 z,
2171 2639 2280 2671 essa
2319 2639 2403 2671 era
2436 2620 2574 2669 sosti·

1685 2694 1813 2742 tuita
1862 2692 1999 2741 dalla
2049 2711 2072 2743 s
2123 2694 2176 2741 in
2232 2694 2478 2758 principio
2524 2691 2574 2739 di

1685 2764 1860 2829 parola
1907 2761 2176 2827 (senarius
2224 2786 2295 2805 =
2341 2767 2575 2811 zonarius

1682 2836 1737 2883 in
1773 2835 1940 2885 Plaut.
1974 2836 2129 2884 Trin.
2173 2834 2302 2893 862;
2342 2834 2479 2896 eom),
2516 2833 2577 2881 da

1681 2923 1732 2954 ss
1779 2907 1835 2955 in
1885 2921 2055 2955 mezzo
2102 2906 2421 2970 (graecissat,
2463 2906 2576 2953 atti·

1683 2979 1855 3033 cissat,
1879 2977 2130 3026 sicelissat
2162 2978 2217 3025 in
2248 2977 2413 3025 Plaut.
2438 2976 2575 3024 Men.

1690 3060 1743 3101 υ
1814 3064 1925 3112 sg.;
1979 3049 2287 3111 pytissando
2348 3047 2402 3095 in
2462 3048 2575 3095 Ter.

1683 3120 1876 3167 Heaut.
1925 3128 2066 3180 457;
2118 3122 2262 3180 ece.).
2316 3117 2417 3181 Qui
2467 3116 2579 3181 (cfr.

1682 3205 1865 3238 ancora
1920 3189 2086 3237 Plaut.
2140 3190 2298 3238 Most.
2356 3186 2459 3251 638
2509 3204 2579 3251 sg.

1682 3262 1847 3324 Euge,
1912 3260 2233 3309 Philolaches
2289 3262 2549 3323 patrissat
2563 3272 2580 3319 ‚·

1682 3331 1840 3379 Poen.
1892 3328 2024 3394 442)
2067 3332 2296 3393 patrisso
2346 3331 2578 3395 risponde

1680 3402 1730 3450 al
1768 3418 1844 3465 gr.
1879 3400 2134 3463 πατρίζω,
2183 3402 2347 3449 forma
2382 3410 2577 3451 attesta-

1683 3474 1780 3521 taci
1819 3473 1883 3521 da
1919 3473 2178 3521 Prisciano
2216 3471 2376 3535 (Keil,
2420 3474 2480 3522 G.
2508 3474 2578 3531 L„

1681 3545 1747 3606 11,
1789 3561 1837 3608 p.
1877 3544 1981 3604 24),
2022 3539 2207 3607 perch).-
2244 3541 2521 3605 πατριάζω
2555 3540 2586 3591 ὲ·

1678 3614 1730 3663 la
1767 3615 1931 3664 forma
1978 3614 2404 3664 ordinariamente
2445 3624 2585 3665 usata
