2850 4259
353 279 417 335 224
489 329 494 336 1

740 280 767 322 Ρ.
792 277 929 320 Taurum

355 405 415 466 Sed
438 405 475 463 ἔκ
497 402 686 462 adsentando
709 405 912 481 indulgendo
925 414 956 464 et
977 402 1145 481 largiendo,
1168 404 1262 465 Micio.

354 496 445 555 Nrinc
467 491 544 552 adeo
567 489 592 552 si
614 494 656 552 ob
679 500 747 552 eam
770 512 834 552 rem
859 491 948 554 uobis
966 495 1035 564 mea
1049 492 1112 554 uita
1134 491 1235 568 inuisa,
1256 496 1310 554 Αέ·

805 580 918 656 schine,
942 592 995 656 est,

352 671 433 748 Quia
463 689 527 732 non
551 668 628 731 iusta
659 667 770 729 inirista
796 689 919 748 prorsus
949 669 1052 731 omnia
1081 669 1205 732 omnino
1233 672 1306 731 obse·

804 778 891 836 quor,

1170 795 1173 803 ¹
1251 780 1304 838 990

351 851 445 909 Missa
467 848 563 909 facio:
598 847 759 938 ecidndite,
785 846 885 923 emite,
910 848 999 910 facite
1015 849 1098 927 quod
1121 851 1209 910 uobis
1220 850 1307 909 lubet.

351 1140 451 1183 rectum
470 1139 496 1182 et
514 1132 613 1181 bonum
626 1138 700 1190 esset,
720 1130 808 1197 appel·

350 1204 440 1253 labant
458 1199 516 1269 [scl.
537 1200 648 1269 veteres]
669 1220 696 1263 »;
717 1202 762 1251 cfr.
782 1203 808 1252 in

351 1274 410 1324 fatti
419 1275 506 1324 Andr.
518 1274 570 1336 629
577 1274 669 1323 [duest
679 1289 771 1323 uerum
780 1276 809 1330 1’,·

351 1346 450 1396 Heaut.
472 1354 522 1410 154
534 1346 579 1394 hoc
592 1347 637 1394 ubi
652 1345 690 1402 fit,
708 1345 745 1392 r'bi
755 1360 809 1392 non

353 1432 414 1467 uere
442 1418 546 1466 uiuitur
554 1435 567 1475 ,·
592 1432 614 1475 e,
639 1430 686 1481 per
709 1414 810 1479 esempi

350 1488 377 1538 di
396 1487 506 1536 scrittori
531 1486 675 1552 posteriori,
695 1488 753 1537 Ces.
774 1486 810 1537 B.

354 1559 384 1607 G.
402 1574 429 1619 4,
449 1557 473 1618 8,
496 1572 522 1617 1;
542 1557 596 1608 Cic.
614 1558 675 1623 ch.
695 1570 719 1617 2,
737 1568 760 1619 5,
777 1569 805 1605 11

350 1630 423 1693 quod
444 1637 483 1678 est
499 1637 598 1678 rectum
616 1644 760 1693 veruntque
778 1625 809 1692 (il

350 1700 430 1765 luogo
453 1707 600 1750 veramente
628 1695 642 1748 ὲ
667 1697 807 1764 corrotto);

351 1772 429 1820 Tusc.
444 1783 468 1834 3,
483 1784 524 1834 27,
536 1772 584 1832 64,
599 1786 650 1821 ecc.
664 1767 810 1836 [nontrovo

350 1840 383 1891 ni
396 1858 460 1907 pure
471 1850 611 1892 accennato
622 1848 714 1906 questo
724 1840 810 1890 valore

349 1914 377 1961 di
406 1930 497 1962 verum
522 1915 550 1963 in
578 1913 674 1975 Pascal,
702 1920 742 1976 op.
766 1913 806 1962 cit.

349 2001 394 2050 pp.
416 1996 467 2049 739
486 1982 551 2052 sg.];
573 1985 646 2034 Oraz.
665 1985 718 2048 Ep.
741 1996 762 2043 1,
783 1994 808 2045 7,

350 2054 385 2118 98
398 2056 492 2105 Metiri
502 2073 528 2105 se
547 2071 672 2121 quemque
690 2071 738 2102 ruo
757 2071 808 2103 mo-

349 2126 412 2175 dulo
430 2143 461 2175 ac
475 2128 540 2191 pede
558 2132 692 2183 uerumst,·
710 2125 767 2174 Liv.
783 2136 806 2185 2,

349 2196 392 2258 48,
414 2210 444 2257 2;
464 2210 488 2261 3,
501 2211 544 2259 40,
567 2210 615 2257 113
636 2212 688 2247 ecc.
708 2222 742 2231 -
763 2212 806 2245 ne-

349 2284 399 2332 que
408 2270 469 2318 adeo
477 2286 487 2315 .·
497 2265 552 2319 ene
561 2284 638 2334 pure;
649 2267 695 2317 csr.
710 2283 734 2315 v.
746 2266 806 2328 629.

348 2364 383 2376 -·
403 2355 435 2388 cx
453 2355 533 2405 aequo
552 2348 578 2388 ct
599 2341 670 2397 bono,
693 2334 751 2387 cioi
775 2339 808 2387 da

348 2409 504 2460 sentimento
529 2412 556 2459 di
581 2408 669 2474 equiti
694 2409 742 2459 che
768 2410 807 2458 sia

348 2483 376 2530 in
396 2489 428 2531 te.
451 2482 541 2532 Anche
568 2482 613 2547 qui
638 2480 696 2543 (cir.
716 2496 740 2528 ν.
759 2480 807 2542 64)

348 2554 370 2601 si
390 2559 464 2603 tratta
483 2554 525 2602 del
538 2553 693 2602 sentimento
706 2551 734 2600 di
748 2551 804 2615 giu-

349 2623 421 2673 stizia
440 2640 454 2675 e
473 2624 542 2673 della
559 2623 709 2673 rettitudine
728 2622 757 2671 in
770 2619 805 2682 se,

348 2695 485 2744 astraendo
504 2695 574 2744 dallo
593 2696 643 2744 ius.
667 2692 721 2742 Cfr.
742 2693 804 2743 Sall.

347 2768 407 2831 sug.
427 2775 468 2830 35,
490 2776 504 2830 7
524 2769 571 2816 Fit
587 2782 648 2814 reus
673 2766 755 2830 magis
775 2782 806 2813 ex

347 2853 429 2900 aequa
454 2840 568 2902 bonoque
592 2853 670 2901 quam
699 2851 731 2885 cx
749 2839 807 2886 iure

345 2910 461 2972 gentium
480 2908 621 2958 Bomilcar.

384 2977 444 3040 988.
465 2980 518 3028 Sed
537 2996 576 3038 ex,
597 2993 699 3043 gruppo
725 2979 806 3042 giam-

347 3049 413 3099 bico
445 3077 478 3086 -
504 3059 545 3100 et:
570 3050 598 3099 cf
609 3089 615 3100 .
641 3049 666 3097 la
691 3059 753 3098 nota
781 3050 806 3099 al

346 3136 369 3170 v.
390 3133 450 3184 319.
472 3147 503 3155 —
529 3122 691 3169 adsentando
716 3121 805 3170 indul·

344 3193 427 3257 gendo
446 3194 598 3257 largiendo:
621 3191 805 3241 allitterazione

347 3263 380 3312 ed
397 3278 542 3313 assonanza.

383 3334 443 3396 989.
469 3335 549 3383 adeo:
571 3335 616 3383 cfr.
642 3352 665 3383 v.
685 3334 746 3396 629.
770 3360 803 3369 -

346 3407 460 3455 uobis...
492 3406 625 3456 Aeschine.
653 3405 675 3454 Il
703 3406 804 3471 plurale

346 3477 418 3545 uobis
439 3476 543 3527 include
561 3477 643 3526 anche
661 3475 803 3527 Ctesifone.

346 3548 369 3596 E
382 3563 417 3595 un
434 3548 549 3612 esempio
561 3548 672 3611 analogo
685 3566 700 3597 a
714 3547 803 3612 quello

345 3617 373 3667 di
392 3621 501 3682 potatis,
519 3619 601 3668 scelus
626 3619 668 3668 del
687 3635 710 3667 v.
731 3629 801 3681 774;

865 1130 911 1182 cfr.
930 1147 977 1195 per
995 1130 1053 1180 altri
1072 1130 1170 1195 luoghi,
1193 1130 1268 1179 anche
1284 1128 1306 1176 di

864 1203 974 1252 scrittori
1001 1201 1045 1252 del
1073 1202 1179 1268 periodo
1205 1200 1309 1261 classico,

863 1273 889 1322 la
908 1279 969 1322 noia
987 1273 1013 1322 al
1031 1289 1054 1323 v.
1074 1286 1135 1335 919.

900 1357 961 1406 990.
985 1344 1051 1405 Quia
1070 1360 1123 1392 uon
1143 1360 1186 1409 qq.
1200 1354 1247 1393 ss.:
1265 1348 1305 1391 tra·

864 1416 930 1465 duce
949 1415 968 1463 ii
987 1431 1059 1464 verso
1078 1415 1098 1463 ii
1117 1415 1210 1464 Bindi:
1231 1434 1243 1458 ι
1257 1428 1305 1477 per·

863 1483 911 1536 chd
930 1501 983 1535 non
1001 1487 1027 1535 vi
1052 1502 1129 1536 meno
1152 1487 1239 1534 buono
1254 1483 1305 1546 ogni

865 1573 931 1616 cosa,
961 1557 1046 1621 giusta
1083 1573 1099 1606 o
1130 1556 1241 1620 ingiusta
1268 1554 1324 1622 che¹

864 1630 902 1679 sia
924 1647 944 1677 ι.
962 1655 993 1663 -
1007 1630 1077 1678 iusta
1092 1629 1201 1678 iniusto.
1219 1626 1305 1676 L'asin·
1378 1655 1379 1662 .

865 1700 925 1750 deto
944 1700 1037 1749 ricorre
1056 1715 1150 1749 ancora
1173 1700 1201 1749 in
1221 1712 1308 1763 espres·

865 1771 931 1820 sioni
950 1786 1023 1820 come
1033 1771 1127 1836 sanda
1141 1771 1262 1834 nefanda
1274 1768 1306 1814 di-

862 1859 916 1908 gua
940 1843 1057 1908 Indigna,
1083 1842 1150 1890 uelis
1173 1843 1248 1898 nolis,
1269 1837 1306 1890 fas

864 1912 940 1976 nefas
967 1911 1104 1976 (ricordate
1132 1911 1176 1977 gii
1206 1913 1237 1961 da
1260 1910 1309 1957 Do

864 1981 944 2049 nato),
965 1985 1017 2033 dies
1042 1991 1135 2040 noctes,
1156 1986 1214 2033 noti
1229 1980 1306 2046 ignoti,

863 2055 910 2103 lrac
930 2055 998 2112 illac,
1012 2054 1061 2103 huc
1073 2054 1144 2112 illuc,
1159 2055 1220 2102 lu'nc
1233 2053 1303 2106 illinc,

864 2127 936 2174 ultro
948 2126 1021 2183 citro,
1036 2141 1051 2175 e
1063 2126 1091 2173 in
1104 2126 1226 2190 generale
1238 2137 1305 2189 quan·

863 2197 897 2245 do
923 2197 945 2246 si
972 2204 1204 2262 contrappongono
1229 2212 1244 2243 a
1264 2193 1310 2240 due

863 2284 878 2316 a
896 2268 947 2318 due
965 2267 1054 2332 parole
1073 2268 1100 2316 di
1122 2282 1200 2317 senso
1218 2271 1305 2316 conra-

863 2338 918 2398 rio;
948 2339 994 2389 cfr.
1028 2340 1107 2388 Tusc.
1139 2348 1163 2403 5,
1197 2351 1238 2403 39,
1265 2347 1307 2394 114

864 2411 1027 2459 Democritus
1051 2410 1194 2458 luminibus
1217 2405 1309 2457 amissis

861 2481 921 2530 alba
939 2481 1035 2530 scilicet
1052 2481 1198 2529 discernere
1217 2487 1240 2528 et
1255 2485 1308 2527 atra

862 2568 916 2601 non
943 2559 1063 2618 poterat:
1099 2559 1130 2599 at
1157 2568 1219 2600 vero
1251 2551 1307 2597 bona

861 2624 940 2680 mala,
967 2639 1051 2685 aequa
1082 2623 1182 2686 iniqua,
1212 2622 1306 2670 honesta

861 2695 959 2758 turpia,
984 2694 1062 2743 utilia
1087 2695 1204 2751 inutilia,
1223 2701 1307 2755 magna

857 2773 946 2830 parva
971 2771 1095 2829 poterat,
1122 2764 1168 2815 cfr.
1198 2765 1226 2813 in
1251 2761 1307 2810 oltre

866 2850 886 2895 r,
919 2835 961 2895 26,
994 2836 1036 2899 64,
1069 2851 1122 2885 ecc.
1160 2862 1195 2874 -
1231 2830 1313 2911 omni9

862 2908 983 2969 omniuo:
1015 2908 1215 2972 paronomasia3
1248 2916 1307 2952 omu-

861 2994 928 3025 0mn.
942 2979 1065 3041 obsequor
1075 2994 1083 3026 :
1095 2990 1251 3034 assonanza;
1267 2971 1292 3022 cs
1300 3003 1305 3016 ·

861 3064 884 3098 v.
904 3048 964 3110 978.
983 3074 1015 3084 -
1034 3051 1165 3100 omnia...
1185 3051 1305 3111 obsequor,

860 3119 904 3170 scl.
925 3120 1004 3178 uobis,
1024 3135 1071 3185 per
1092 3122 1211 3169 omnibus
1228 3121 1256 3168 in
1272 3128 1306 3162 re·

861 3193 907 3239 bus
926 3192 975 3240 obs.
995 3208 1021 3240 u.
1032 3210 1044 3249 ,·
1070 3191 1116 3239 cir.
1135 3192 1218 3248 Plaut.
1238 3185 1305 3237 Asin.

860 3262 895 3324 76
925 3263 957 3311 id
983 3278 1026 3328 ego
1055 3265 1183 3327 percupio
1215 3251 1309 3319 obripui

858 3341 939 3397 gnato
957 3349 1018 3383 meo.
1038 3333 1090 3382 Del
1107 3341 1175 3384 resto
1193 3331 1272 3383 anche
1283 3326 1306 3373 iu

861 3404 947 3454 Gellio
967 3417 990 3464 2,
1005 3414 1029 3467 7,
1046 3416 1078 3454 12
1096 3406 1118 3456 si
1135 3405 1170 3454 ha
1188 3400 1310 3469 quaedam

859 3492 913 3524 non
930 3478 1170 3540 obsequendum...
1189 3488 1255 3539 quae
1271 3468 1305 3517 ob·

859 3548 938 3611 sequi.

894 3630 956 3679 991.
970 3618 1145 3684 Wsrasacr'o,
1159 3620 1203 3670 sel.
1214 3613 1306 3667 omm'a:
