2850 4259
356 315 418 356 212

745 310 772 353 P.
797 309 933 351 TERENTI

354 433 439 496 Fiam
461 443 553 514 etque
575 455 667 496 anum
690 430 877 511 decrepitam
900 434 1034 494 ducam?
1072 433 1144 495 idne
1159 432 1223 495 estis
1242 453 1298 495 auc·

807 527 887 583 tores
909 522 1006 583 mihi?

303 673 305 680 .
354 616 419 674 ΑΕ.
443 615 524 675 Fac:
560 610 685 692 promisi
701 630 759 689 ego
777 610 846 672 illis.
887 612 945 677 ΜΙ.
969 609 1107 672 Promisti
1128 612 1243 672 autem?
1268 612 1303 670 de

803 709 833 760 te
856 700 986 778 largitor,
1010 720 1094 779 puer.

390 1033 451 1085 939.
480 1022 591 1070 ducam:
619 1020 665 1071 cfr.
694 1037 717 1070 v.
746 1033 808 1085 933.

354 1117 389 1130 -
413 1092 473 1141 idne
498 1094 557 1142 estis
580 1099 699 1141 auctores
723 1093 809 1142 mihi)

352 1185 390 1206 =
410 1164 470 1212 idne
493 1163 558 1212 milti
581 1163 717 1212 suadetis)
727 1180 738 1221 ,¹
763 1164 808 1212 cir.

352 1249 429 1301 sopra
447 1232 466 1282 il
484 1249 508 1287 v.
522 1233 582 1298 617,
598 1233 708 1284 ePlaut.
728 1234 808 1283 Paen.

355 1318 376 1366 1,
403 1318 428 1368 3,
457 1318 467 1354 1
502 1306 574 1366 Quid
599 1321 671 1353 nunc
698 1306 763 1354 miti
783 1321 809 1354 es

350 1384 452 1434 auctor,
481 1376 637 1440 Milphio),
659 1373 714 1425 Cic.
733 1376 807 1426 Fam.

352 1447 377 1507 6,
399 1446 422 1505 8,
443 1459 458 1495 2
477 1464 493 1496 a
517 1463 556 1496 me
580 1446 716 1495 consilium
739 1448 808 1510 petis

351 1519 419 1582 quid
434 1519 482 1567 sim
500 1519 547 1567 tibi
557 1526 656 1575 auctor,
669 1518 698 1565 in
718 1517 807 1566 Sicilia

351 1605 385 1638 ne
399 1589 524 1647 subsidas,
538 1605 574 1637 an
587 1596 618 1638 ut
629 1589 666 1637 ad
681 1588 808 1652 reliquias

353 1661 482 1709 Asiaticae
501 1660 680 1725 negotiationis
703 1658 807 1725 profici-

351 1746 432 1780 scare.
635 1784 642 1800 ἢ

387 1813 450 1863 940.
477 1803 595 1865 promisi.
629 1802 652 1851 E
680 1816 733 1849 una
760 1798 805 1849 fin·

350 1874 432 1923 zione.
452 1898 486 1908 -
505 1873 576 1922 illis:
595 1872 640 1923 cfr.
665 1888 687 1920 v,
710 1882 752 1934 72.
772 1897 806 1907 -

350 1945 491 1994 Promisti:
503 1943 549 1994 cfr.
563 1944 588 1993 la
598 1952 660 1993 nota
671 1943 697 1992 ol
710 1958 732 1992 v.
746 1942 806 2007 561.

351 2014 449 2078 Queste
477 2015 559 2065 forme
591 2015 724 2080 sincopate
753 2029 806 2062 non

349 2101 428 2136 erano
456 2085 512 2134 solo
540 2085 609 2136 della
635 2085 731 2150 poesis,
761 2101 804 2134 ma

349 2171 427 2208 erano
455 2157 536 2206 anche
563 2164 669 2221 oggetto
692 2155 720 2205 di
746 2156 804 2205 viva

349 2227 509 2277 discussione
527 2228 647 2292 riguardo
663 2227 715 2276 alla
727 2242 803 2292 prosa

349 2314 395 2365 per
417 2298 454 2362 gli
477 2299 613 2363 analogisti
638 2315 653 2348 e
677 2298 714 2362 gli
739 2314 801 2348 ano·

348 2369 443 2420 malisti
461 2386 476 2419 e
494 2369 553 2419 dell¹
565 2367 606 2419 εῑὲ
624 2368 765 2435 imperiale,
779 2385 801 2432 e,

349 2456 450 2499 ancora,
461 2439 504 2489 del
514 2441 620 2506 periodo
631 2440 800 2490 ciceroniano.

349 2512 481 2574 Cicerone,
501 2512 548 2562 che
572 2528 637 2576 pure
662 2526 716 2560 non
734 2527 802 2561 sem-

349 2600 394 2648 pre
419 2579 433 2630 ὲ
458 2598 567 2646 seguace
591 2582 651 2632 dell’
663 2597 718 2644 uso,
742 2598 801 2647 spe·

348 2655 485 2703 cialmente
513 2654 555 2703 del
584 2654 678 2702 cattivo
705 2669 759 2716 uso,
786 2669 802 2702 n

348 2725 480 2791 proposito
494 2724 562 2775 delle
575 2724 657 2773 forme
669 2724 801 2789 sincopate

346 2795 369 2845 si
389 2801 483 2845 mostra
501 2797 645 2861 portigiano
668 2794 727 2844 dell'
739 2809 801 2844 ano·

347 2866 437 2925 malia;
454 2866 499 2915 cfr.
516 2867 589 2916 Orat.
603 2876 646 2929 47,
661 2875 709 2929 157
724 2866 801 2926 Quid,

345 2939 419 3001 quod
433 2938 470 2985 sic
488 2938 567 3000 loqui,
587 2953 687 2994 nosse,
716 2938 729 2985 i
733 2937 801 2985 udi·

346 3023 439 3056 casse
462 3016 551 3057 vetant
574 3008 623 3072 (gli
643 3004 800 3072 analogisti),

345 3080 475 3128 novisse
505 3079 594 3129 iubent
623 3086 648 3128 et
676 3079 801 3127 iudica·

345 3150 457 3199 vissei
482 3151 560 3213 quasi
575 3166 637 3198 uero
655 3151 801 3210 nesciamus

345 3222 374 3270 in
393 3221 438 3268 leae
454 3236 547 3285 genere
570 3228 596 3270 et
613 3220 723 3284 plenum
741 3236 800 3269 ver·

345 3293 405 3340 bum
414 3298 481 3340 reete
491 3299 516 3339 et
523 3291 687 3340 imminutum
696 3291 799 3341 usitate.

344 3363 439 3425 Itaque
472 3369 613 3426 utrumque
650 3363 800 3423 Terentius,

348 3453 359 3475 «
376 3433 440 3491 Eoo,
460 3440 489 3483 tu
508 3440 644 3497 cognatum
657 3440 734 3482 tuum
746 3449 800 3481 nan

345 3508 444 3552 noras?
459 3522 482 3552 ι.
502 3505 566 3553 Post
583 3505 649 3553 idem
670 3523 682 3548 ι
704 3504 800 3567 Stilpo-

344 3590 411 3633 nem,
431 3575 546 3637 inquam,
560 3580 688 3623 noveras?
700 3594 723 3623 ».
735 3574 799 3624 Tut-

345 3644 412 3694 tavia
420 3643 543 3696 Cicerone
550 3645 688 3711 preterisce
697 3661 801 3711 semprc

1246 720 1298 778 94ο

863 1019 1033 1085 seripserunt,
1052 1035 1079 1084 p.
1092 1035 1165 1083 es.,a
1183 1021 1300 1083 scripsere,

863 1097 962 1140 mentre
990 1090 1015 1140 le
1039 1090 1122 1141 forme
1146 1090 1173 1139 di
1199 1089 1257 1155 perf.
1277 1088 1300 1136 in

862 1176 903 1210 ·re
926 1177 990 1210 sono
1014 1162 1121 1212 abusate
1147 1162 1215 1211 nella
1237 1175 1300 1225 prosa

862 1232 965 1298 poetica
973 1233 1033 1282 dell’
1042 1230 1083 1283 etl
1095 1240 1245 1297 argentone
1256 1245 1300 1279 non

862 1317 926 1352 sono
939 1310 1054 1353 estranee
1073 1304 1125 1352 allo
1138 1310 1217 1353 stesso
1229 1302 1299 1366 Quin·

863 1372 969 1435 tilian0;
993 1374 1029 1439 gli
1048 1370 1063 1423 ὲ
1082 1375 1130 1424 che
1151 1371 1299 1425 Ciceronesi

862 1444 887 1494 ia
905 1445 984 1495 lecito
1002 1444 1058 1495 solo
1072 1454 1182 1510 peceare
1199 1445 1298 1496 suavita·

862 1517 895 1565 tis
914 1531 1001 1565 eausa.
1025 1516 1087 1565 Non
1106 1532 1170 1566 sono
1194 1513 1299 1565 diversii

861 1587 946 1636 ositeri
976 1587 1119 1651 linguistici
1153 1588 1179 1636 di
1209 1583 1298 1650 Quinti·

860 1658 938 1717 liano,
963 1674 1009 1724 per
1033 1658 1052 1707 il
1080 1656 1158 1724 quale
1186 1656 1211 1707 la
1232 1657 1299 1707 seclo

861 1738 899 1779 tra
917 1729 942 1777 la
957 1730 1026 1778 ratio
1038 1727 1119 1794 (ratio
1135 1728 1299 1795 grammatica,

861 1815 934 1849 come
952 1800 1064 1849 dichiara
1079 1800 1099 1849 il
1111 1797 1244 1864 Turnebo)
1259 1798 1300 1848 ohe

860 1871 937 1921 vuole
954 1872 1075 1920 vitavisse
1088 1888 1102 1921 e
1118 1871 1297 1935 deprehendere,

860 1958 875 1991 e
911 1942 936 1991 la
966 1944 1121 1991 consuetudo
1155 1943 1202 1991 che
1236 1940 1301 1989 vuolc

859 2013 954 2062 vitasse
977 2029 991 2062 e
1016 2013 1180 2077 deprendere,
1208 2013 1299 2063 dcv'es·

858 2099 913 2134 sere
927 2083 1094 2133 subordinata
1103 2083 1155 2132 alla
1169 2082 1300 2149 compositio

856 2154 936 2219 (Inst.
966 2168 990 2217 9,
1015 2169 1040 2216 4,
1069 2154 1122 2219 59).
1151 2153 1204 2206 cfr.
1231 2153 1299 2203 anche

856 2227 925 2276 Inst.
951 2239 972 2285 1,
997 2226 1022 2289 6,
1045 2237 1074 2288 17
1095 2241 1161 2290 sgg,
1184 2226 1246 2275 dove
1262 2218 1300 2289 pili

857 2296 1064 2361 esplioitamente
1094 2313 1109 2346 e
1138 2297 1304 2347 vivacemente

856 2367 877 2417 si
895 2368 1040 2416 biasimano
1066 2369 1128 2433 quei
1147 2368 1237 2434 puristi
1254 2366 1301 2423 che,

855 2454 909 2487 non
937 2439 993 2487 solo
1023 2439 1045 2487 si
1072 2439 1193 2488 ostinano
1221 2438 1265 2489 essi
1288 2452 1301 2484 a

856 2509 911 2559 dire
935 2509 1147 2560 esclusivomente
1173 2510 1302 2567 audivisse,

856 2581 967 2640 scivisse,
1001 2596 1061 2640 ecc,
1100 2598 1143 2631 ma
1176 2589 1302 2630 avvertono

855 2651 984 2701 solecismi
1015 2658 1080 2701 tutte
1110 2653 1137 2702 le
1165 2652 1234 2702 volte
1261 2650 1303 2699 che

856 2722 877 2771 si
895 2722 958 2771 lasci
981 2723 1001 2771 il
1026 2723 1110 2786 rigore
1134 2724 1203 2773 della
1225 2720 1302 2786 regola

855 2810 901 2859 per
935 2794 1037 2857 seguire
1074 2810 1110 2842 un
1147 2791 1304 2860 ragionevole

855 2880 911 2914 uso
945 2865 1085 2925 Quid.
1117 2873 1171 2914 tam
1199 2879 1303 2914 necessa·

856 2936 936 2995 rium,
974 2935 1027 3000 egli
1064 2936 1198 2997 conclude,
1232 2948 1306 2999 quan

855 3013 925 3055 recta
950 3006 1065 3056 locutio)
1090 3008 1148 3056 Ima
1174 3008 1304 3057 inhaeren-

855 3077 917 3127 dum
932 3078 956 3125 ei
966 3078 1061 3134 iudico,
1082 3079 1172 3142 quoad
1187 3079 1252 3137 licet,
1265 3077 1308 3125 diu

855 3149 931 3197 etiam
968 3150 1130 3198 mutantibus
1160 3157 1306 3213 repugnan-

855 3220 939 3276 dum,
960 3220 1008 3268 sed
1022 3219 1116 3269 abolita
1140 3227 1219 3283 atque
1236 3220 1306 3266 abro-

852 3296 915 3354 gata
934 3290 1047 3338 retinere
1059 3290 1212 3340 insolentiae
1224 3290 1309 3338 euius·

855 3360 915 3408 dam
940 3367 983 3418 est,
1010 3368 1035 3410 et
1053 3359 1174 3425 friuolae
1198 3363 1227 3411 in
1244 3369 1308 3425 par·

854 3432 894 3479 uis
913 3432 1060 3481 iactantiae.
1080 3458 1111 3467 —
1132 3439 1240 3483 autem:
1264 3431 1306 3480 cir.

854 3518 876 3550 v.
902 3502 959 3565 185.
981 3529 1013 3538 —
1032 3504 1062 3551 de
1081 3508 1113 3552 te.
1126 3505 1236 3555 Osserva
1255 3503 1307 3551 Do·

854 3581 931 3623 nato:
959 3593 970 3616 ι
992 3573 1101 3623 Acutius
1120 3576 1151 3623 de
1169 3581 1194 3624 te
1212 3575 1308 3623 dictum

855 3659 932 3710 quam
965 3645 995 3694 de
1025 3651 1069 3694 tua
1103 3664 1125 3706 ι,
1159 3644 1308 3695 trattandosi
