2850 4259
1013 250 1349 294 ammaon
2056 255 2091 312 3
2108 255 2135 295 1

239 375 567 455 Quicquam,

663 395 779 436 nec
868 373 1080 435 metuit
1171 382 1554 453 quemquam,

1651 393 1846 452 neque
1939 377 2135 452 legem

1105 474 1277 543 putat
2052 469 2130 542 85

241 557 450 615 Tenere
493 573 556 614 se
602 554 808 615 ullam.

886 573 1024 614 nam
1071 555 1175 613 ssla
1219 573 1374 632 quae
1420 555 1675 614 antehac
1719 556 1873 615 fac'ta
1920 563 2058 613 sunt

241 645 478 705 Omitto:
541 644 730 704 modo
752 642 898 720 quid
922 642 1318 722 dissignauit?
1380 646 1498 704 ΜΙ.
1532 644 1696 719 Quid
1729 662 1869 702 nam
1899 641 1963 701 id
1995 652 2085 702 est
2114 642 2136 700 ?

239 736 348 794 DE.
395 736 557 793 Foris
607 731 848 811 ecfregit
894 740 1076 810 atque
1126 732 1189 794 in
1235 731 1401 792 aedis
1449 731 1629 792 inruit

235 1051 429 1100 rogasne
465 1051 513 1099 q.
552 1035 586 1084 i.
608 1035 667 1097 s.
691 1040 717 1083 Β
752 1034 857 1086 Cfr.
890 1051 966 1087 vv.
997 1036 1117 1097 261,

235 1117 337 1169 3⁷4.
386 1117 521 1170 ⁷³3:
568 1108 714 1156 Eun.
773 1120 904 1168 191;
957 1108 1117 1157 Phor.

234 1176 347 1240 685;
384 1194 484 1232 ecc.
529 1204 590 1213 -
631 1178 718 1227 ille
753 1178 821 1227 ha
867 1177 917 1227 la
954 1179 1119 1244 prima

232 1249 393 1297 sillaba
426 1250 594 1299 breve.
641 1248 746 1298 Cfr.
798 1249 848 1298 la
897 1258 1018 1299 nota
1069 1251 1118 1299 al

233 1336 270 1370 v.
306 1329 381 1381 72.
420 1347 486 1356 —
522 1337 670 1383 quem
708 1337 871 1385 neque
899 1322 1114 1386 pudet...

234 1407 311 1439 nec
343 1394 532 1441 metuit.
584 1392 738 1441 Nella
795 1392 1013 1441 seconda
1064 1392 1116 1441 di

231 1468 391 1526 queste
422 1479 627 1527 propos.
654 1464 795 1513 relat.
823 1464 1118 1514 coordinate

231 1532 261 1580 il
294 1548 428 1597 pron.
468 1534 609 1583 relat.
649 1542 888 1598 soggetto
927 1535 1114 1599 irrego-

230 1603 460 1653 larmente
498 1622 601 1654 non
639 1602 668 1653 ὲ
709 1621 953 1671 espresso,
991 1607 1117 1655 ben·

229 1671 314 1723 che
350 1675 397 1723 di
435 1691 550 1724 caso
587 1677 789 1726 diverso
826 1677 911 1725 dal
950 1678 1116 1742 primo

226 1761 468 1810 pronome‚
491 1748 540 1795 al
568 1748 721 1813 quale
748 1744 775 1795 ὲ
802 1749 1113 1801 coordinatO.

227 1816 322 1864 Cfr.
375 1834 462 1884 per
510 1820 613 1867 casi
662 1819 903 1883 analoghi
947 1820 1112 1869 Plaut.

227 1889 346 1936 Rud.
402 1901 497 1949 291
565 1892 750 1954 quibus
812 1888 964 1956 (dat.)
1026 1908 1117 1939 nec

226 1966 449 2021 quaestus
487 1970 564 2010 est
589 1978 680 2009 nec
707 1962 925 2010 didicere
949 1968 1115 2010 artem

226 2047 442 2093 unquam
493 2032 654 2079 ullam
677 2050 698 2089 ,·
736 2034 924 2097 Amph.
975 2042 1115 2096 4253

224 2115 314 2150 ecc.
351 2101 452 2151 Cfr.
492 2102 576 2151 del
615 2110 750 2152 resto
788 2103 896 2153 Cic.
938 2105 1018 2152 De
1065 2121 1114 2151 o-

222 2179 311 2220 rat.
358 2186 400 2232 1,
426 2174 510 2237 36,
544 2174 638 2238 165
669 2173 960 2223 desiderare
985 2191 1117 2238 quae

222 2258 372 2306 neque
407 2261 491 2310 ego
539 2252 731 2296 teneo...
785 2262 947 2310 neque
990 2252 1121 2294 sunt

222 2314 319 2362 eius
351 2318 551 2379 generis
572 2333 593 2372 ,·
633 2318 790 2365 Tusc.
837 2330 878 2375 1,
920 2330 1006 2380 30,
1049 2326 1114 2378 72

221 2385 489 2450 quibusque
508 2386 716 2451 fuisset
743 2388 960 2436 minima
998 2404 1113 2436 cum

219 2458 504 2519 corporibus
541 2460 773 2523 contagio
809 2473 1013 2522 seseque
1051 2460 1114 2507 ab

218 2524 287 2573 his
344 2536 539 2592 semper
593 2531 981 2589 revocavissent,
1037 2547 1112 2579 es·-

221 2605 420 2661 sentque
456 2615 557 2648 ecc.
597 2616 688 2664 per
737 2601 927 2663 quique
977 2617 1113 2656 sese.-

218 2682 337 2727 ecc.;
365 2668 484 2719 Sall.
512 2672 628 2735 lug.
664 2684 776 2730 101,
807 2684 866 2736 5;
895 2687 996 2720 ecc.
1026 2672 1114 2719 Ma

218 2732 243 2784 ὲ
275 2739 336 2787 da
374 2749 549 2791 notare
587 2743 680 2791 che
708 2742 1021 2792 d'ordinario
1047 2744 1111 2791 da

216 2807 468 2872 Cicerone,
509 2830 538 2862 e
576 2812 662 2862 nel
699 2813 859 2861 latino
898 2814 1111 2863 classico

216 2878 263 2927 in
314 2883 566 2945 generale,
621 2884 664 2932 si
715 2884 999 2934 sostituisce
1063 2885 1110 2933 al

214 2954 424 3001 secondo
457 2954 669 3004 relativo
697 2955 733 3002 il
760 2955 1111 3005 dimostrativo

213 3022 252 3068 is
303 3039 398 3073 con
460 3043 571 3089 que,
636 3034 698 3085 et,
757 3041 788 3073 o
838 3043 943 3075 nec.
1003 3027 1108 3078 Cfr.

212 3091 359 3145 Brut.
399 3106 481 3158 74,
524 3096 627 3160 258
677 3099 771 3160 qui
819 3113 910 3146 nec
960 3106 1110 3147 extra

214 3163 337 3213 hanc
373 3170 547 3216 urbem
585 3170 844 3225 vixerant,
896 3185 986 3217 nec
1030 3185 1110 3218 eos

211 3234 380 3298 aliqua
417 3240 678 3287 barbaries
714 3238 1110 3301 infuscaverat,·

211 3307 279 3352 ad
309 3309 416 3358 Att.
462 3322 541 3369 10,
602 3310 678 3369 16,
737 3322 769 3373 3
828 3310 969 3372 qui...
1011 3318 1107 3361 et...

210 3377 278 3423 ad
306 3394 451 3436 eum:
491 3382 647 3430 Tusc.
690 3390 736 3445 5,
765 3394 812 3443 3,
843 3379 874 3429 8
907 3398 1106 3444 quem...

211 3461 450 3511 eumque,·
488 3466 618 3510 ecc.;
669 3452 819 3502 Livio
859 3465 941 3515 23,
986 3451 1033 3512 8,
1075 3467 1104 3516 3

213 3533 317 3566 cum
344 3537 494 3584 quo...
521 3539 612 3571 nec
637 3539 787 3579 eum,·
814 3538 943 3581 ecc.;
983 3525 1106 3575 Tac.

212 3591 346 3641 Ann.
387 3604 434 3655 3,
475 3605 543 3655 24
580 3610 764 3657 quas...
807 3595 1008 3660 depulit
1051 3611 1106 3643 a-

1225 1037 1554 1099 dulterosque
1573 1051 1752 1085 earum
1768 1034 1988 1099 punivit
1996 1047 2014 1094 ,·
2040 1049 2136 1083 usn

1222 1123 1318 1172 per
1352 1107 1485 1156 altro
1509 1106 1604 1156 che
1628 1106 1667 1154 s'
1681 1104 1913 1157 incontra
1938 1102 2023 1170 gia
2048 1107 2136 1155 nel

1224 1179 1310 1228 lat.
1350 1178 1562 1228 arcaico,
1603 1177 1805 1237 Holtze‚
1850 1176 1997 1240 Synt.
2045 1185 2132 1242 pr.

1224 1266 1324 1299 scr.
1374 1250 1491 1299 Lat.
1543 1249 1581 1307 I,
1635 1246 1766 1311 389:
1822 1268 1846 1291 α
1903 1247 1957 1299 Si
2005 1248 2136 1296 duae

1224 1321 1604 1370 enuntiationes
1637 1319 1878 1370 relativae
1910 1318 1973 1367 ad
2002 1335 2136 1368 eam-

1224 1392 1342 1441 dem
1399 1391 1666 1440 notionem
1716 1396 1963 1457 spectant,
2016 1405 2132 1439 eon-

1224 1470 1360 1512 stans
1385 1463 1469 1511 hic
1496 1471 1571 1512 est
1600 1478 1723 1511 usus
1749 1469 1799 1512 et
1823 1462 2132 1511 Graecorum

1224 1542 1273 1583 et
1348 1534 1637 1600 priscorum·
1691 1533 2009 1592 Latinorum,
2079 1543 2135 1580 ut

1223 1607 1384 1655 semel
1440 1612 1638 1654 tantum
1692 1611 1911 1669 ponatur
1968 1603 2132 1653 relati-

1223 1694 1359 1737 vum,
1401 1677 1456 1725 in
1493 1677 1651 1725 altera
1687 1683 1861 1725 autem
1899 1675 2132 1724 enuntia-

1223 1750 1364 1798 tione
1389 1756 1479 1796 aut
1507 1748 1708 1796 nullum
1732 1762 2020 1812 pronomen
2046 1755 2132 1795 aut

1224 1835 1508 1884 pronomen
1548 1819 1724 1867 tertiae
1762 1833 2010 1883 personae
2057 1834 2132 1867 se-

1224 1897 1409 1955 quatur
1454 1911 1496 1938 ».
1536 1889 1641 1937 Cfr.
1697 1905 1743 1938 v.
1784 1888 1887 1951 306
1933 1905 2132 1951 quem...

1223 1977 1386 2024 neque
1409 1962 1558 2009 illum
1573 1978 1595 2016 ‚·
1621 1960 1785 2009 Plaut.
1819 1959 1961 2023 Capt.
1996 1968 2091 2028 555
2120 1979 2132 2019 ς

1224 2047 1326 2082 ecc.
1366 2031 1472 2082 Cfr.
1514 2032 1673 2081 anche
1707 2031 1950 2094 Draeger,
1991 2031 2128 2079 Hiss.

1223 2104 1369 2167 synt.
1411 2104 1479 2167 11,
1522 2101 1627 2164 482
1667 2118 1741 2167 sg.
1918 2137 1922 2142 ,

1296 2173 1380 2224 86.
1429 2176 1655 2223 Tenere:
1706 2172 1812 2222 Cic.
1851 2172 1989 2221 Phil.
2053 2185 2132 2235 Π,

1225 2254 1269 2309 5,
1318 2258 1337 2293 1
1354 2258 1374 2294 1
1419 2247 1549 2311 leges
1576 2262 1689 2294 eum
1718 2261 1824 2293 non
1850 2250 2037 2293 tenent.
2065 2270 2130 2279 —

1221 2317 1438 2365 antehac
1472 2332 1675 2381 sempre
1701 2314 1959 2374 bisillabo,
1986 2329 2132 2363 come

1223 2387 1357 2437 fosse
1393 2396 1515 2437 ante
1551 2389 1660 2437 Izac.
1689 2385 1795 2435 Cfr.
1822 2402 1913 2452 per
1939 2384 1977 2434 il
2011 2401 2136 2435 con*

1221 2465 1357 2508 cetto
1401 2460 1571 2507 Andr.
1620 2457 1735 2520 187.

1294 2527 1382 2592 87.
1421 2531 1569 2578 modo
1593 2550 1665 2570 =
1686 2545 1745 2578 or
1770 2544 1873 2588 ora,
1901 2542 2034 2593 poco
2060 2527 2124 2575 fa.

1227 2627 1287 2635 -
1329 2602 1658 2664 dissignauit.
1686 2601 1921 2649 Traduce
1959 2598 1998 2647 il
2036 2597 2128 2647 Ce-

1221 2672 1350 2721 sari:
1399 2691 1420 2715 c
1455 2672 1543 2719 Ma
1581 2671 1630 2720 la
1668 2688 1759 2721 sua
1796 2671 2038 2737 prodezza
2077 2671 2128 2719 di

1222 2738 1386 2791 teste?
1414 2761 1437 2784 ι
1466 2743 1693 2791 Donato:
1726 2763 1747 2787 ι
1776 2744 1894 2790 Hoc
1919 2741 2128 2790 verbum

1219 2810 1551 2878 (dissignare)
1589 2813 1725 2878 apud
1763 2823 1959 2863 veteres
2003 2812 2128 2859 duas

1220 2901 1299 2933 res
1338 2882 1688 2948 significabat:
1747 2884 1939 2934 etenim
1976 2899 2128 2947 prave

1219 2962 1269 3004 et
1308 2964 1444 3005 recte
1483 2954 1615 3004 facta
1664 2955 1944 3020 dissignata
1993 2955 2124 3003 diee-

1218 3027 1404 3075 bantur
1448 3045 1491 3076 ι.
1531 3026 1588 3074 Ἐ
1625 3042 1844 3077 ancora:
1901 3045 1925 3069 α
1967 3026 2128 3074 Dissi-

1218 3114 1374 3161 gnare
1402 3105 1478 3146 est
1515 3114 1623 3146 rem
1662 3113 1847 3147 novam
1876 3097 2041 3146 facere
2075 3097 2128 3145 in

1221 3179 1489 3233 utramque
1526 3176 1742 3233 partem,
1773 3176 1824 3218 et
1850 3168 2041 3216 bonam
2080 3179 2132 3219 et

1220 3240 1410 3288 malam
1445 3258 1486 3290 ι.
1529 3235 1625 3288 Ρὶὺ
1651 3240 1734 3289 del
1761 3255 1878 3288 caso
1905 3238 2128 3288 dichiara

1217 3311 1390 3359 Nonio
1430 3309 1493 3376 (Ι,
1521 3328 1571 3375 p.
1608 3322 1703 3375 133
1730 3308 1971 3375 Miiller):
2006 3311 2132 3359 Dis-

1217 3384 1425 3445 signare
1463 3398 1579 3431 cum
1605 3390 1728 3431 nota
1754 3390 1807 3432 et
1842 3381 2124 3446 ignominia

1216 3453 1414 3518 aliquid
1434 3453 1616 3503 facere.
1638 3452 1742 3502 Cfr.
1772 3453 1935 3502 Plant.
1968 3452 2124 3503 Most.

1214 3538 1352 3588 413;
1397 3527 1543 3575 Oraz.
1575 3525 1681 3589 Ep.
1727 3538 1769 3587 1,
1811 3535 1858 3587 5,
1899 3524 1982 3572 16.
2021 3523 2124 3572 Cfr.

1214 3598 1351 3661 App.
1390 3595 1500 3645 crit.
