2850 4259
342 261 403 332 236
527 272 702 315 arrmnrce
724 271 849 316 cnmca
871 271 911 314 no
934 270 1102 315 asnoncrcn

338 403 401 460 rep,
421 397 449 444 in
470 395 531 445 Ter·
549 397 605 444 aed
622 397 651 445 in
671 396 740 455 Cato,
761 396 867 448 inserito
887 394 1040 446 nell¹Amer.
1056 395 1146 446 Journ.
1158 396 1271 461 olPhilol.

339 481 365 546 8,
385 494 445 548 327.

1373 463 1374 496 1

1372 507 1374 556 1

375 584 416 636 70.
432 582 514 638 pauet
531 571 545 622 1
563 573 609 624 lez.
628 576 655 623 di
669 578 692 625 A
706 591 721 625 e
736 575 762 624 di
785 576 825 634 G,·
843 575 879 639 gli
898 575 954 626 altri
974 591 1032 624 mss.
1046 575 1132 624 hanno
1151 583 1222 633 cauet,
1234 574 1271 623 lez.
1373 567 1374 612 1

341 663 452 713 adottata
470 664 502 712 da
520 664 629 724 Donato,
650 664 697 714 che
716 664 741 713 vi
754 665 909 715 sottintende
928 674 1044 730 peccare,
1067 681 1088 724 e,
1108 672 1145 714 tra
1156 665 1165 713 i
1176 663 1274 713 moderni

338 752 403 810 edd,
423 753 455 801 da
473 753 557 816 Klotz,
577 755 697 818 Wagner,
716 753 893 805 Fleckeisena.
913 755 952 805 Le
970 754 1044 804 choix
1057 762 1095 805 est
1112 755 1272 815 embarassant,

309 821 311 824 Ι
339 856 440 890 osserva
457 841 628 905 giustamente
647 842 665 890 il
684 842 786 895 Plessis.

376 940 419 992 77.
439 930 465 979 Si
484 931 538 981 noti
558 931 600 980 nei
619 947 658 979 vv.
676 942 757 995 4077
779 948 829 982 una
847 940 915 983 certa
929 933 1069 984 simmetria
1086 933 1144 983 nell'
1152 932 1233 982 ordine
1243 931 1275 979 dei

342 1018 459 1077 concetti,
486 1019 650 1085 rispondente
668 1021 718 1070 alle
742 1021 793 1071 due
811 1022 908 1072 diverse
935 1022 1086 1089 esposicioni
1111 1022 1138 1070 di
1161 1029 1241 1071 tenore
1255 1020 1275 1067 di

339 1107 391 1157 vita
409 1123 423 1157 e
436 1108 462 1156 di
474 1108 628 1159 educazione
640 1109 673 1159 da
690 1117 761 1175 parte
774 1110 801 1159 di
813 1110 925 1161 Micione
938 1127 952 1161 e
964 1111 991 1160 di
1007 1112 1115 1161 Demea.
1135 1112 1195 1160 Ivr.
1207 1118 1275 1171 4054

339 1217 373 1237 =
393 1212 431 1244 vv.
452 1206 540 1261 5973,
560 1214 574 1247 e
593 1193 638 1264 pili
660 1199 842 1264 specialmente
866 1199 947 1264 55-58
966 1221 1001 1242 =
1020 1211 1099 1264 74·77
1123 1201 1170 1249 che
1186 1205 1274 1248 conten·

339 1300 408 1348 gono
427 1287 594 1336 osservazioni
613 1288 640 1337 di
665 1287 751 1348 indole
777 1288 903 1353 generale.
927 1290 988 1339 Non
1012 1291 1078 1340 bene
1103 1289 1190 1357 quindi
1210 1289 1229 1338 si
1243 1303 1275 1336 ve·

338 1375 406 1424 dono
426 1375 571 1440 ripetizioni
583 1391 599 1425 0
613 1376 809 1442 interpolazioni
826 1378 853 1427 in
866 1379 950 1444 questi
963 1380 1036 1430 versi.
1049 1378 1102 1429 cfr.
1117 1380 1148 1429 Ο.
1162 1378 1275 1433 Schubert

339 1465 423 1524 Symb.
443 1466 481 1513 ad
497 1466 557 1514 Ter.
577 1468 681 1525 entend,
700 1484 727 1533 p.
748 1478 762 1529 7
782 1483 837 1532 sg.;
856 1468 940 1529 Klotz,
964 1469 1119 1535 Grundaa'c'ge
1135 1470 1194 1522 altr,
1212 1465 1276 1515 Men.

340 1572 364 1619 P·
383 1566 435 1618 403
455 1569 492 1618 ³8·

376 1654 417 1706 79.
438 1644 531 1692 Nescio
549 1645 628 1708 quid.
640 1681 663 1695 ..
682 1645 765 1695 uideo.
785 1646 827 1696 Un
846 1648 1017 1712 grandissimo
1035 1663 1143 1698 numero
1162 1648 1187 1697 di
1203 1642 1278 1708 luoghi

340 1732 460 1797 analoghi
479 1733 541 1798 puoi
559 1734 650 1785 vedere
669 1735 773 1785 raccolti
792 1736 834 1785 dal
853 1737 958 1802 Becker,
973 1738 1012 1788 De
1024 1746 1090 1802 synt.
1109 1739 1200 1788 interr.
1217 1737 1277 1799 obliq·

339 1822 366 1871 in
385 1822 497 1872 Student.
517 1823 634 1884 Studien,
654 1825 674 1884 I,
693 1841 736 1891 pp.
757 1838 809 1886 230
827 1842 883 1890 sgg.
1204 1883 1208 1894 .

375 1909 463 1975 82·83.
489 1911 528 1960 La
546 1911 590 1962 lez.
610 1913 643 1961 da
669 1913 712 1963 noi
736 1910 868 1978 seguitae
891 1915 979 1981 quella
997 1915 1023 1964 di
1050 1917 1108 1965 tutti
1127 1917 1136 1965 i
1158 1932 1213 1966 mss.
1230 1915 1281 1966 edi

339 2001 441 2049 Donato
459 1999 504 2061 (ad
524 2002 574 2050 Ad.
594 1998 666 2065 789).
686 2001 719 2052 Se
737 2017 790 2052 non
808 2002 854 2052 che
873 2019 929 2053 essa
946 2004 979 2053 ad
997 2002 1084 2053 alcuni
1102 2002 1129 2070 (a
1143 2006 1248 2070 Wagner
1258 2020 1278 2069 p.
1373 2027 1375 2032 ⁴

340 2105 383 2149 es,
402 2105 417 2138 a
436 2089 556 2150 Conradt,
576 2088 641 2155 ecc.)
659 2086 674 2138 e
692 2107 766 2157 parsa
785 2092 963 2143 insostenibile
975 2109 1021 2159 per
1033 2094 1058 2143 la
1071 2093 1155 2145 forma
1173 2091 1280 2158 Siet(clr.

342 2197 388 2246 per
406 2197 463 2231 essa
476 2181 501 2230 la
520 2188 581 2231 nota
593 2182 619 2231 al
631 2200 654 2232 v.
668 2180 740 2248 282),
762 2181 787 2232 la
805 2184 889 2249 quale,
910 2184 1017 2234 insieme
1035 2199 1085 2235 con
1104 2184 1128 2235 le
1141 2185 1202 2235 altre
1213 2184 1282 2233 forme

339 2269 382 2319 del
400 2269 533 2335 congiunt.
552 2272 621 2329 siem,
641 2272 697 2329 sies,
720 2288 773 2321 non
791 2273 884 2323 ricorre
904 2273 932 2321 in
950 2273 1075 2323 Terenzio
1095 2274 1143 2324 che
1154 2273 1181 2323 in
1199 2272 1245 2323 fine
1260 2271 1282 2318 di

340 2374 419 2419 verso,
439 2375 453 2409 e
472 2360 529 2409 solo
542 2367 684 2411 raramente
703 2363 731 2411 in
750 2359 800 2413 fine
813 2361 881 2412 della
900 2362 982 2428 prima
995 2368 1067 2428 parte
1079 2362 1121 2412 del
1135 2369 1281 2422 tetrametro;

339 2448 372 2498 ad
390 2447 448 2498 altri
465 2446 503 2514 (p.
523 2464 557 2498 es.
576 2448 601 2498 al
620 2447 711 2514 Fabia)
731 2466 793 2515 pare
811 2466 863 2499 non
882 2450 924 2500 dia
943 2466 978 2500 un
1003 2466 1077 2501 senso
1100 2451 1283 2501 soddisfacente.

339 2536 362 2585 11
381 2536 479 2589 Ritschl
501 2536 607 2602 (Opust.
627 2538 658 2601 V,
678 2556 703 2604 p.
728 2538 791 2602 370)
815 2535 937 2589 emendo:
967 2540 1051 2604 Rogas
1075 2543 1136 2589 me)
1156 2542 1201 2591 ubi
1222 2539 1283 2589 nobis

341 2628 517 2677 Aeschinust)
534 2627 596 2675 Scin
607 2627 659 2676 iam
679 2629 747 2692 quid
755 2629 847 2686 tristis,
866 2635 1016 2693 congettura
1028 2629 1127 2680 accolta
1145 2630 1213 2679 dalla
1222 2644 1283 2693 mag·

340 2716 396 2779 gior
408 2725 479 2781 parte
498 2715 566 2780 degli
584 2716 650 2775 edd,
670 2717 703 2766 da
721 2717 898 2781 Fleckeisen1,
919 2719 1038 2783 Wagner,
1052 2718 1173 2783 Spengel,
1193 2718 1285 2776 Plessis,

340 2804 459 2865 Psichari,
479 2820 530 2855 ecc.
550 2804 573 2854 Il
593 2803 705 2854 Conradt
723 2803 827 2870 (Herm.
847 2820 886 2866 10,
900 2824 926 2872 p.
943 2819 991 2856 1¹02
1004 2805 1055 2871 sg.)
1073 2823 1183 2873 propose
1196 2808 1222 2857 in
1234 2822 1285 2857 rece

341 2893 408 2943 Sciet
430 2892 458 2957 (0
476 2877 505 2943 Is
529 2892 609 2958 sciet),
634 2895 733 2945 accolto
751 2895 886 2946 nell'ediz.
911 2896 954 2946 del
983 2895 1050 2958 1884
1069 2897 1139 2946 dallo
1162 2897 1284 2959 Dziatzko,

340 2982 359 3031 il
372 2983 449 3048 quale
467 2983 494 3032 in
512 2984 600 3049 quella
622 2984 665 3033 del
687 2982 750 3034 1881
781 2986 888 3051 leggeva
910 2986 985 3036 Scies.
1011 2989 1050 3036 Lo
1071 2986 1173 3038 Schoell
1191 2984 1285 3052 (Rhein.

341 3072 411 3122 Mus.
429 3086 472 3134 44,
491 3090 516 3138 p.
537 3072 595 3132 281,
615 3089 640 3122 a.
653 3071 689 3136 ιι)
713 3089 762 3123 con
780 3075 911 3138 maggiore
939 3071 1093 3141 probabilitl
1110 3090 1232 3140 corregge
1249 3075 1285 3124 Sic

341 3168 384 3220 est,
404 3161 431 3211 in
449 3157 490 3211 cio
507 3162 608 3227 seguito
628 3163 661 3212 da
673 3163 849 3222 Fleckeisenss,
869 3163 955 3224 Fabia,
971 3164 1088 3213 Ramain.
1104 3164 1146 3213 Sit
1160 3172 1185 3213 et
1202 3164 1229 3213 in
1240 3162 1285 3212 fine

341 3249 465 3314 consiglia
483 3250 510 3302 lo
528 3250 662 3316 Stampini,
683 3251 702 3299 il
721 3252 796 3317 quale
815 3268 861 3318 per
878 3251 943 3302 altro
962 3253 983 3301 si
1002 3252 1097 3303 atticne
1115 3252 1165 3301 alla
1185 3253 1231 3303 lez.
1250 3251 1286 3301 dei

341 3337 430 3397 codd.;
455 3338 480 3387 la
498 3338 544 3389 lez.
563 3339 605 3390 dei
623 3340 697 3391 codd.
717 3347 891 3404 mantengono
908 3341 990 3391 anche
1007 3339 1214 3406 l'Umpsenbach
1233 3358 1247 3391 e
1266 3340 1288 3388 lo

341 3426 453 3477 Sloman.
473 3427 524 3477 Cfr.
544 3430 574 3479 E.
592 3428 698 3489 Becker,
718 3436 757 3495 op.
780 3431 829 3489 cit,
849 3447 874 3495 p.
889 3428 948 3492 284.
964 3455 996 3465 -
1010 3433 1058 3481 Per
1070 3429 1095 3479 le
1108 3430 1197 3494 parole
1209 3430 1287 3479 Dixin

342 3516 386 3564 hoc
395 3517 479 3580 sore)
499 3518 540 3567 nei
559 3533 618 3567 mss.
631 3536 647 3569 e
658 3518 691 3567 da
702 3519 806 3568 Donato
819 3519 949 3570 attribuite
962 3535 976 3569 a
989 3518 1108 3583 Micione‚
1129 3519 1162 3569 da
1174 3517 1287 3585 Spengel,

341 3606 459 3668 Psiehari,
473 3608 573 3672 Plessis,
592 3607 719 3675 Stampini
739 3625 820 3660 messe
838 3609 865 3659 in
884 3625 944 3660 vece
962 3610 989 3659 in
1004 3610 1082 3659 bocca
1095 3626 1110 3659 a
1122 3610 1230 3673 Demea,
1249 3609 1287 3659 cir.
