2850 4259
328 253 367 311 28
711 267 739 310 r.
762 264 898 308 raanan

329 395 468 453 Fateatur
491 391 605 452 nescire
628 399 765 470 inperare
787 388 898 450 liberis.

326 483 386 542 Sed
410 487 494 542 estne
516 480 565 542 hic
587 481 677 559 ipsus,
702 481 741 540 de
764 499 824 557 quo
847 479 999 557 agebam?
1034 487 1064 539 et
1078 485 1158 539 certe
1182 478 1208 538 is
1230 488 1280 538 est.

843 569 934 629 credo
958 567 1027 643 iam,
1055 573 1088 627 1'1t
1111 570 1196 643 solet,

328 572 437 632 Nescio
459 571 532 648 quid
555 568 668 631 tristem
692 571 804 631 uideo:

327 838 445 903 gebamae',
471 835 645 885 indovinando
669 837 716 887 che
741 852 781 886 ve·

331 906 390 957 niva
408 906 459 956 alla
477 923 523 957 sua
541 907 610 957 volta
627 908 735 958 Demea.

367 988 409 1041 77.
429 979 535 1039 nescire,
560 978 605 1028 scl.
625 995 658 1029 se.
684 978 738 1030 Cir.
757 980 784 1029 la

330 1057 393 1099 nota
411 1049 436 1098 al
455 1065 478 1098 v.
493 1059 535 1114 52.
554 1050 607 1113 Qui
619 1050 641 1099 si
654 1050 784 1115 aggiunga

330 1121 377 1170 che
396 1136 447 1169 una
465 1121 517 1171 tale
537 1121 623 1180 ellissi,
650 1122 784 1187 frequente

329 1192 372 1242 nel
403 1192 485 1241 latino
513 1193 619 1252 arcaieo,
648 1209 663 1242 e
690 1194 785 1244 dovuta

332 1263 383 1312 alla
409 1261 607 1329 breviloquenza
631 1264 700 1314 della
727 1281 785 1330 par·

332 1335 391 1398 lata,
412 1330 426 1383 ὲ
446 1335 526 1384 molto
545 1352 600 1385 rara
612 1336 639 1384 in
652 1333 784 1397 Cicerone,

332 1423 346 1455 e
365 1406 421 1455 solo
439 1420 488 1454 con
501 1405 575 1455 Livio
588 1407 683 1457 ritorna
702 1408 735 1456 ad
747 1425 784 1458 es·

331 1493 386 1528 sere
406 1477 620 1542 frequentissima,
640 1485 785 1543 sopratutto

332 1564 380 1597 con
398 1547 495 1597 l'infm.
515 1549 562 1598 fut.
583 1556 635 1613 att,
650 1550 714 1599 dove
733 1567 785 1599 csse

331 1615 346 1668 ὲ
365 1620 392 1669 di
410 1620 486 1668 solito
505 1635 646 1686 soppresso.
668 1620 720 1669 Cir.
740 1622 785 1670 Li-

332 1691 374 1739 vio
393 1703 416 1754 9,
441 1704 506 1751 1,11
525 1692 581 1740 Pro
594 1701 661 1741 certo
673 1693 784 1743 habete...

330 1769 449 1827 gesturos
476 1760 533 1827 (sel.
560 1779 606 1811 vos
633 1761 714 1827 esse);
743 1777 784 1823 21,

336 1846 375 1893 12,
387 1847 404 1894 4
417 1833 480 1881 Alco
486 1834 608 1898 precibus
620 1836 725 1899 aliquid
735 1853 785 1884 mo·

333 1912 423 1953 turum
437 1902 474 1969 (se
487 1901 550 1969 esse)
562 1912 645 1965 ratus,
660 1921 712 1956 ecc.
732 1905 786 1956 Cic.

333 1977 370 2024 ad
388 1976 463 2025 Fam.
486 1976 524 2038 16,
552 1985 575 2040 5.
605 1989 625 2034 1,
643 1976 787 2040 facturum

330 2053 397 2110 puto
415 2044 470 2110 (scl.
491 2043 577 2111 eum);
603 2049 663 2096 Fin.
685 2058 708 2112 5,
735 2062 786 2112 313

335 2132 387 2167 ecc.
407 2117 450 2167 Gli
468 2118 617 2167 scarsissimi
631 2121 728 2186 esempi
741 2121 788 2170 che

334 2188 356 2237 si
375 2188 486 2253 leggono
499 2189 526 2237 in
539 2189 593 2238 Cic.
607 2190 632 2237 di
646 2190 697 2240 tale
709 2192 787 2241 omis-

335 2260 415 2319 sione,
432 2260 513 2309 anche
525 2275 574 2310 con
588 2262 668 2326 tempi
677 2262 724 2312 che
735 2278 788 2311 non

336 2330 408 2380 siano
418 2330 437 2378 il
449 2330 536 2380 futuro
549 2330 606 2397 (csr.
615 2340 668 2396 pro
681 2334 713 2383 R.
728 2337 787 2385 Am.

337 2413 378 2462 22,
402 2403 453 2461 613
476 2405 515 2451 ad
534 2404 609 2455 Fam.
634 2419 659 2466 4,
687 2417 726 2469 13,
755 2405 788 2466 6;

339 2474 365 2522 Τ
363 2490 416 2522 usc.
437 2485 460 2532 2,
484 2484 523 2537 17,
543 2488 594 2535 403
621 2475 684 2525 Div.
708 2478 738 2542 in
759 2477 787 2537 Q.

340 2544 410 2593 Caec.
431 2554 475 2608 59;
492 2544 557 2611 ecc.)
577 2562 629 2595 non
644 2546 755 2611 valgono
774 2565 790 2598 a

338 2615 511 2680 giustificarne
521 2618 547 2667 la
556 2616 721 2683 irregolarita.
736 2617 789 2668 Cir.

345 2688 413 2752 App.
433 2689 488 2738 crit.
676 2743 678 2748 ,

376 2757 417 2820 78.
437 2760 526 2822 iptus,·
546 2756 561 2809 ὲ
582 2760 664 2808 forma
684 2761 788 2825 arcaica,

339 2846 353 2878 e
372 2829 466 2880 ricorre
478 2830 686 2897 frequentissima
699 2832 727 2881 in
739 2833 791 2883 Te·

339 2900 440 2961 renzio;
461 2910 499 2953 sta
517 2903 549 2952 ad
567 2905 621 2967 ipsc
632 2918 707 2953 come
725 2905 792 2953 istus

340 2979 379 3021 sta
398 2973 430 3021 ad
448 2974 503 3035 iste,
521 2989 594 3024 come
613 2974 680 3023 ellus
699 2981 737 3025 sta
759 2974 792 3024 ad

340 3044 390 3093 ille.
420 3044 472 3109 Qui
500 3053 592 3111 poteva
618 3044 791 3097 indifferente-

341 3121 427 3166 mente
455 3132 538 3167 essere
563 3123 635 3167 usata
659 3117 684 3166 la
709 3119 792 3167 forma

340 3182 386 3251 pilr
411 3195 520 3248 recente,
545 3184 639 3255 perche
660 3205 721 3253 pare
745 3189 792 3238 che

342 3258 467 3308 Terenzio
490 3259 528 3307 usi
548 3259 617 3310 della
634 3259 717 3309 forma
741 3275 792 3310 arc.

342 3345 387 3394 per
404 3329 497 3380 evitare
515 3330 648 3391 loliatus,
662 3346 677 3379 o
690 3347 737 3396 per
750 3347 792 3381 eu·

343 3400 421 3449 sonia.
439 3428 473 3437 -
493 3409 518 3451 et
535 3410 601 3452 certe
618 3404 642 3452 is
659 3409 698 3451 est
714 3422 751 3443 =
763 3401 793 3465 sl,

342 3466 357 3519 ὲ
375 3473 479 3538 proprio
497 3473 542 3524 lui.

380 3552 422 3605 79.
441 3545 535 3594 Nescio
553 3546 624 3609 quid.
650 3544 731 3596 Come
755 3545 795 3596 in-

344 3613 401 3664 dica
425 3613 450 3663 la
471 3617 601 3681 posizione
620 3616 794 3669 dell'accento

836 836 910 895 ictus,
947 835 1030 884 nescio
1060 850 1091 883 va
1127 835 1283 887 considerato

836 922 910 956 come
929 904 1070 965 trisillabo;
1090 905 1216 955 trisillabo
1235 907 1283 957 edi

837 978 932 1027 misnra
954 977 1048 1027 cretica
1070 971 1098 1043 (⁴
1111 981 1123 993 ⁹
1140 975 1167 1044 )
1195 978 1283 1029 ricorre

837 1049 918 1099 anche
925 1049 1028 1114 quando
1037 1064 1090 1097 non
1100 1044 1114 1098 ὲ
1123 1048 1206 1110 unito,
1216 1067 1284 1101 come

838 1121 890 1186 qui,
910 1136 925 1168 a
945 1121 1011 1184 quis,
1036 1120 1106 1184 quid,
1131 1137 1182 1184 quo
1203 1129 1299 1189 pacto,0

838 1207 890 1242 ecc.
910 1188 965 1255 (cfr.
988 1207 1027 1240 vv.
1053 1202 1112 1255 571,
1133 1189 1207 1258 697).
1234 1193 1284 1241 L'o

838 1264 915 1313 breve
940 1257 955 1309 ὲ
984 1263 1072 1328 quello
1098 1263 1141 1313 del
1165 1264 1284 1330 semplice

838 1336 897 1392 scio,
925 1334 1073 1384 abbreviato
1102 1330 1159 1384 cioe
1189 1352 1236 1401 per
1263 1335 1285 1383 la

839 1406 914 1469 legge
936 1405 1004 1455 delle
1027 1406 1114 1471 parole
1135 1406 1283 1470 giambiche.

840 1475 981 1525 Confronla
1006 1493 1052 1542 per
1070 1477 1134 1526 altro
1159 1478 1185 1527 lo
1211 1477 1284 1543 Spen-

837 1548 887 1612 gel,
907 1547 927 1595 il
940 1547 1016 1611 quale
1035 1548 1062 1596 in
1076 1549 1229 1612 nescioquis,
1247 1564 1284 1597 nc·

838 1620 957 1683 scioquid
972 1618 1105 1668 considera
1123 1622 1208 1669 nescio
1219 1618 1285 1669 bisil-

838 1690 898 1739 labo
916 1706 962 1754 per
980 1690 1081 1739 sinizesi
1099 1691 1124 1740 di
1147 1692 1192 1739 ·io.
1212 1691 1241 1740 L·
1252 1706 1285 1739 es·

838 1761 971 1826 pressione
990 1761 1073 1811 nescio
1092 1762 1160 1825 quid
1178 1778 1232 1811 non
1251 1761 1285 1811 in·

839 1833 927 1883 fluisce
957 1842 1039 1898 punto
1069 1832 1110 1882 sul
1141 1835 1219 1883 modo
1248 1831 1286 1882 del

839 1907 917 1954 verbo
941 1901 1046 1969 (uideo).
1072 1905 1100 1955 Si
1125 1905 1180 1953 noti
1205 1905 1248 1971 poi
1271 1920 1284 1952 a

840 1983 931 2042 questo
949 1974 1082 2041 proposito
1100 1976 1147 2024 che
1161 1976 1230 2026 nella
1241 1976 1284 2025 lin-

840 2063 891 2111 gua
903 2047 945 2095 dei
964 2045 1071 2106 Comici,
1085 2065 1100 2097 e
1116 2042 1172 2095 cioe
1185 2048 1228 2097 nel
1242 2047 1284 2096 lin·

841 2119 952 2183 guaggio
968 2117 1091 2182 popolare
1110 2134 1126 2166 o
1139 2117 1283 2183 famigliare,
1376 2129 1378 2132 ·

841 2189 908 2238 siha
926 2190 951 2237 la
969 2189 1119 2253 prevalenza
1137 2188 1205 2239 della
1219 2205 1285 2255 para·
1372 2231 1375 2234 .

842 2261 901 2310 lassi
926 2260 1098 2325 sull¹ipotassi,
1118 2260 1174 2311 vale
1200 2278 1215 2309 a
1237 2260 1285 2308 dire
1371 2269 1378 2274 ’“

841 2332 866 2381 la
884 2347 986 2397 propos.
1012 2331 1098 2383 interr.
1123 2348 1210 2397 spesso
1231 2346 1284 2381 con·
1369 2343 1378 2406 ἱ·

842 2420 913 2453 serva
930 2403 950 2451 il
973 2402 1058 2464 modo,
1077 2402 1105 2451 in
1125 2403 1167 2451 cui
1186 2402 1284 2452 sarebbe

842 2482 907 2524 stata
925 2490 1039 2541 espressa
1051 2474 1254 2534 assolutamente,
1266 2471 1285 2521 si

842 2540 977 2605 coordina,'
995 2545 1023 2594 in
1045 2562 1097 2595 una
1119 2546 1213 2612 parola,
1240 2543 1285 2593 alla
1369 2542 1376 2560 l

842 2617 967 2683 proposiz.
978 2616 1127 2682 principale.
1142 2617 1237 2680 Questo
1246 2630 1284 2664 av·

842 2690 917 2738 viene
946 2689 974 2736 in
1001 2688 1120 2751 generale
1148 2688 1215 2754 dopo
1240 2702 1286 2735 una

843 2759 968 2826 proposiz.
987 2759 1095 2824 princip.
1115 2758 1286 2823 interrogativa

843 2848 902 2881 vera
917 2848 931 2880 e
946 2830 1057 2896 propria,
1076 2846 1092 2879 o
1110 2831 1208 2897 imper,
1226 2845 1286 2879 oes·
1367 2839 1378 2882 ,Τ

844 2903 927 2961 clam,
947 2918 963 2950 o
981 2902 1028 2951 che
1047 2901 1084 2951 sia
1103 2903 1183 2952 anche
1196 2916 1286 2950 accom·
1366 2893 1378 2922 ¹

844 2980 955 3041 pagnata
970 2973 1003 3022 da
1020 2988 1056 3022 un
1068 2989 1142 3039 pron.
1155 2989 1171 3022 ο
1189 2989 1240 3022 avr.
1252 2972 1285 3020 in·

845 3045 1005 3109 terrogativo,
1019 3061 1035 3092 o
1054 3045 1192 3109 preceduta
1209 3045 1239 3093 da
1254 3047 1285 3100 ut,
1366 3041 1378 3107 ,²³

845 3134 896 3181 quo
909 3118 990 3176 modo,
1002 3132 1080 3181 quam
1100 3117 1129 3164 ob
1147 3133 1210 3175 rem,
1221 3127 1288 3180 quem
1366 3103 1377 3188 s

845 3189 884 3237 ad
898 3189 1009 3247 modum,
1024 3203 1075 3236 ecc.
1089 3187 1148 3247 Ora,
1162 3187 1204 3236 nel
1216 3184 1287 3234 latino
1366 3192 1376 3206 ·’

846 3267 926 3310 stesso
946 3258 988 3308 dei
1007 3256 1106 3319 Comici
1130 3274 1224 3324 appare
1240 3253 1287 3305 nel·

846 3331 1020 3394 l'interrogaz.
1049 3329 1124 3380 indit.
1153 3330 1227 3378 l'nso
1251 3324 1287 3374 del

848 3402 1014 3465 congiuntivo
1032 3399 1089 3466 (cfr.
1109 3401 1141 3450 ad
1158 3418 1191 3451 es.
1211 3397 1287 3449 Andr.

848 3474 901 3538 936
920 3488 990 3538 seg.;
1009 3474 1082 3521 Eun.
1095 3472 1146 3530 663
1166 3469 1234 3536 ecc),
1252 3482 1288 3517 ma

848 3561 905 3595 esso
917 3544 1019 3594 diventa
1031 3544 1169 3608 regolaree
1185 3544 1287 3592 costante

848 3615 904 3667 solo
922 3616 966 3666 nel
979 3615 1058 3666 latino
1070 3615 1184 3681 classico,
1199 3614 1258 3664 dove
1269 3608 1287 3660 si
