2850 4259
507 263 676 307 numeror

38 517 39 524 κ
349 521 352 528 .
556 481 621 539 ΑΕ.
645 477 757 539 Animo
781 483 896 541 malost.

38 585 39 592 ’
109 569 190 649 Quid
205 571 314 649 ipsae?
352 568 425 646 quid
439 568 540 628 aiunt?
579 571 638 628 ΜΙ.
655 568 738 644 Quid
751 569 820 630 illas
836 572 960 631 censes?
996 569 1073 631 nihil

38 313 39 324 7
1011 271 1071 329 14³

38 385 39 438 i
109 396 167 455 ΜΙ.
190 392 241 454 Sic
263 399 317 453 est.
356 394 420 451 ΑΕ.
447 388 584 451 Miletum
615 409 709 468 usque
745 392 893 453 obsecro?
932 395 990 452 ΜΙ.
1015 396 1071 455 Ita.

1007 486 1070 560 655

38 711 39 720 ,
556 675 646 716 enirn.

38 765 39 814 J
107 751 289 811 Commenta
311 758 406 806 mater
429 752 481 820 est,
507 764 571 805 esse
595 764 632 804 ex
654 745 714 805 alio
737 746 803 808 uiro

111 836 218 899 Nescio
242 856 303 914 quo
325 853 452 913 puerum
475 841 598 894 netum:
639 853 740 911 neque
764 855 833 897 eum
856 836 1011 897 nominat:

110 925 242 987 Priorem
266 944 331 987 esse
353 924 447 997 illum,
472 931 535 983 non
557 934 697 1000 oportere
721 925 792 986 huic
819 925 894 987 dari.

108 1270 228 1326 soggetto
253 1262 304 1311 alla
322 1260 397 1325 legge
422 1278 452 1310 su
474 1276 563 1310 accen·

111 1341 175 1390 neta,
202 1349 217 1382 e
244 1340 337 1398 poteva
366 1331 468 1381 d’altra'
491 1339 564 1397 parte

111 1404 138 1452 in
155 1420 207 1453 una
226 1404 328 1452 colonia
346 1404 458 1453 ateniese
481 1419 564 1453 essere

110 1475 138 1523 in
157 1475 247 1539 vigore
266 1476 291 1523 la
309 1483 389 1525 stessa
407 1473 491 1538 legge.

145 1546 205 1611 655.
225 1547 286 1595 Jea:
306 1545 352 1595 cfr.
367 1543 427 1607 287.
445 1571 477 1580 -
498 1546 564 1594 Ani·

111 1633 149 1664 mo
167 1618 261 1665 molest
270 1634 280 1668 .·
306 1637 318 1661 e
339 1617 377 1665 Mi
399 1623 474 1665 sento
492 1616 565 1666 venir

110 1703 185 1736 meno
220 1705 253 1749 »;
283 1688 328 1738 cfr.
360 1705 385 1753 p.
417 1703 452 1737 es.
480 1687 563 1738 Plaut.

112 1759 202 1822 Amph.
245 1758 311 1823 1058
342 1758 428 1807 animo
466 1759 562 1817 inolest,

109 1845 204 1892 aquom
225 1829 310 1878 uelim.
329 1832 361 1881 In
380 1828 437 1878 fatti
450 1829 563 1878 secondo

110 1899 212 1948 Donato
244 1920 256 1944 ι
286 1903 382 1949 Animo
412 1901 478 1949 male
501 1900 565 1961 fieri

110 1971 210 2029 dicitur,
222 1987 301 2036 quom
312 1972 364 2020 ictu
374 1971 483 2019 alicuius
494 1986 563 2019 mae·

111 2042 172 2090 roris
189 2042 323 2107 perculsus
336 2042 437 2091 animus
450 2057 502 2089 non
522 2056 563 2089 su·

110 2113 186 2162 stinet
196 2129 299 2176 eorpus,
310 2113 477 2177 sequiturque
490 2112 564 2160 ruina

112 2185 287 2232 membrorum
299 2203 320 2232 ι.
329 2183 382 2232 Cfr.
390 2184 471 2231 anche
482 2184 508 2231 T
506 2199 562 2231 rue.

112 2254 169 2318 365,
180 2271 202 2312 e,
218 2271 265 2319 per
277 2254 337 2303 frasi
347 2254 481 2317 analoghe,
495 2255 563 2302 Rud.

111 2336 178 2389 5ro;
203 2325 268 2375 Mil.
294 2325 361 2389 1346
383 2323 485 2387 (Lor.);
512 2339 564 2375 ecc.

112 2397 204 2444 Animo
231 2391 246 2443 ὲ
270 2396 355 2445 dativo
373 2395 428 2459 (ma
453 2395 566 2443 ablativo

110 2465 218 2516 iocativo
234 2482 279 2531 per
291 2467 317 2515 lo
330 2467 443 2526 Sioman,
457 2466 476 2515 il
489 2464 566 2531 quale

109 2537 245 2587 confronta
272 2538 291 2586 il
309 2538 384 2587 locat.
409 2539 494 2586 animi
523 2535 566 2585 del

110 2624 134 2657 v.
149 2606 220 2673 610),
241 2608 452 2674 el’espressione
469 2604 566 2656 &detta

111 2695 127 2728 a
144 2687 225 2744 parte.

147 2750 207 2813 656.
228 2752 299 2814 ipsae
317 2751 350 2800 ed
368 2750 428 2799 illos
441 2756 566 2813 seguente

110 2835 173 2870 sono
198 2821 312 2886 pirrichi.
341 2848 375 2858 -
410 2822 481 2881 Quid
505 2820 566 2868 illos

111 2897 222 2955 censes),
242 2907 315 2942 come
330 2893 415 2941 Andr.
428 2890 479 2957 853
498 2891 569 2951 Quid

108 2963 184 3011 illum
211 2968 319 3012 censeri
342 2962 387 3013 sel.
413 2964 505 3013 dicere.
532 2987 564 2997 -

112 3033 179 3081 nihil
202 3036 283 3083 enim:
305 3055 317 3077 α
338 3034 433 3091 niente,
453 3031 564 3082 natural·

112 3111 197 3154 mente
219 3121 241 3163 ι,
263 3126 274 3150 ι
296 3104 391 3164 niente,
412 3104 463 3153 alla
475 3103 526 3153 fine
542 3120 565 3151 ι.

112 3174 159 3224 Per
177 3181 269 3241 questo
287 3175 374 3224 valore
386 3175 413 3224 di
432 3175 499 3224 enim
518 3173 565 3222 cf.

111 3243 137 3292 la
154 3254 217 3294 nota
235 3246 259 3295 al
278 3263 300 3294 v.
324 3244 400 3296 168e
417 3246 425 3294 i
444 3262 484 3294 vv.
505 3257 564 3304 201,

112 3324 171 3377 730,
204 3316 263 3379 830,
295 3329 365 3379 9223
400 3317 463 3366 Hec.
495 3314 562 3379 85o;

113 3385 194 3437 Plaut.
214 3388 308 3438 Bacch.
329 3398 397 3449 702;
417 3402 469 3437 ecc.
529 3401 532 3408 ⁴

148 3457 207 3521 658.
219 3475 313 3522 neque:
323 3460 487 3517 avversativo,
501 3479 512 3503 ι
524 3473 567 3505 ma

114 3542 165 3577 nou
185 3549 207 3590 n,
233 3545 306 3579 come
331 3546 419 3595 spesso
443 3531 471 3578 in
490 3544 566 3593 greco

113 3593 184 3655 οὐδέ,
221 3616 235 3649 e
269 3616 342 3650 come
378 3601 406 3649 in
442 3599 567 3649 Cicerone

620 1262 646 1308 T
646 1277 698 1310 usc.
726 1275 749 1321 2,
780 1270 822 1324 25,
848 1261 883 1310 60
910 1262 985 1323 Quia,
1014 1278 1072 1311 cum

619 1339 722 1380 tantum
766 1341 857 1397 operae
884 1339 887 1346 '
895 1333 1074 1396 philosophiae

619 1404 749 1461 dedissem,
767 1404 878 1453 dolorem
897 1404 1076 1469 tamensem

619 1490 672 1522 non
690 1481 801 1537 possem,
826 1475 889 1523 satis
911 1481 975 1523 esset
996 1491 1077 1538 argu·

618 1547 699 1593 menti
710 1545 808 1593 malum
818 1561 869 1594 esse
879 1545 998 1594 dolorem.
1011 1546 1076 1594 Plu·

618 1616 698 1664 rimos
723 1623 808 1665 autem
832 1632 916 1664 annos
937 1616 966 1664 in
986 1616 1074 1679 philo·

618 1688 707 1750 sophia
733 1688 881 1750 consumpsi
903 1701 948 1735 nec
973 1685 1000 1752 (e
1022 1693 1075 1736 tut-

618 1757 685 1805 tavia
701 1755 766 1822 non)
775 1757 856 1820 ferre
870 1767 997 1822 possum:
1012 1760 1077 1806 'ma-

618 1828 673 1876 lum
692 1836 730 1877 est
752 1829 834 1893 igitur
857 1830 929 1877 dolor
939 1846 951 1886 ,·
979 1829 1029 1893 Offi
1050 1841 1074 1892 3,

619 1911 644 1959 2,
670 1911 685 1962 7
711 1901 741 1947 de
768 1899 844 1948 tertio
872 1906 957 1947 autem
979 1916 1074 1963 genere

619 1971 736 2035 deinceps
760 1986 786 2018 se
812 1971 918 2034 scripsit
941 1971 1074 2020 dicturum

619 2058 663 2089 nec
682 2040 736 2103 (ma
749 2038 814 2104 non)
827 2041 936 2089 exsolvit
954 2042 989 2098 id,
1003 2040 1078 2103 quod

614 2114 775 2175 promiserat
783 2130 795 2169 ,·
818 2113 860 2160 De
885 2120 950 2159 orat.
977 2124 1001 2171 2,
1030 2111 1072 2171 68,

621 2193 670 2245 277
694 2181 759 2248 (non
785 2190 856 2231 trovo
880 2184 986 2231 tuttavia
1011 2182 1078 2232 fatto

599 2255 638 2302 ‘il
672 2253 781 2302 minimo
811 2268 894 2303 ceuno
927 2254 953 2303 di
984 2261 1078 2319 questo

619 2325 705 2374 valore
733 2324 759 2372 di
788 2341 833 2373 nec
864 2323 906 2373 nei
934 2325 1077 2375 commenti

619 2397 679 2462 risp.
699 2395 742 2445 del
761 2396 894 2453 Gnesotto,
914 2395 957 2444 del
976 2396 1075 2445 Sabba-

619 2467 681 2530 dini,
702 2466 744 2516 del
763 2465 867 2526 Cima);
886 2481 937 2516 ecc.
957 2465 1016 2517 cfr:
1031 2482 1077 2515 an·

620 2539 666 2587 che
685 2535 743 2587 Ces.
763 2538 796 2588 B.
820 2538 848 2587 G.
866 2550 885 2597 1,
906 2538 948 2601 36,
970 2548 983 2602 5
1007 2539 1080 2587 Hae·

620 2610 679 2657 duis
716 2623 742 2656 se
779 2609 873 2657 obsides
908 2611 1076 2658 redditurum

620 2696 673 2727 non
702 2696 761 2736 esse,
788 2694 870 2743 neque
893 2677 947 2744 (ma
972 2676 1017 2745 ne)
1042 2680 1077 2728 iis

621 2766 703 2813 neque
716 2766 803 2798 eorum
819 2750 893 2798 sociis
912 2751 1013 2799 iniuria
1026 2752 1077 2799 bel·

620 2820 675 2869 lum
699 2820 858 2877 illaturum:
886 2834 908 2884 1,
928 2830 971 2882 47,
994 2834 1024 2880 13
1052 2835 1079 2882 4,

622 2891 663 2954 26,
685 2901 719 2955 53
738 2891 885 2956 ecc.;Sall.
904 2893 962 2956 Iug.
984 2904 1026 2952 eo,
1048 2891 1065 2941 6

622 2972 664 3026 57,
684 2977 699 3025 3
720 2978 735 3011 e
753 2962 779 3011 la
796 2969 857 3011 nota
875 2962 918 3011 del
935 2963 1078 3013 Ramorino

621 3034 738 3097 (Torino,
763 3033 920 3094 Loescher);
946 3048 998 3083 ecc.
1024 3036 1079 3083 An-

621 3104 669 3154 che
697 3104 717 3152 il
747 3104 849 3153 Boniuo
877 3103 1004 3165 (Sintossi
1030 3106 1077 3155 lat.

621 3176 728 3223 recondo
737 3177 749 3223 i
756 3176 875 3240 principi
886 3176 953 3224 della
965 3192 1077 3241 gramm.

621 3253 693 3303 sior„
722 3263 746 3310 p.
776 3246 841 3309 427)
870 3246 951 3311 ripete
984 3262 1033 3296 con
1059 3247 1078 3295 il

621 3317 722 3379 Drrger
738 3317 970 3380 (Hisr.Synt.112,
990 3335 1015 3383 p.
1033 3316 1080 3382 71)

621 3387 639 3435 l'
652 3403 758 3437 erronea
776 3388 919 3438 asserzione
937 3390 984 3438 che
998 3404 1082 3453 neque

622 3473 671 3506 con
682 3458 768 3508 valore
778 3459 935 3509 avversativo
948 3476 1001 3510 non
1011 3462 1030 3509 s'
1041 3461 1080 3509 in·

623 3530 706 3578 contri
726 3530 810 3595 prima
829 3530 854 3580 di
874 3529 1007 3581 Cicerone.

659 3600 720 3665 659.
757 3601 877 3650 Priorem
911 3617 963 3651 esse
995 3602 1081 3660 illum,
