2850 4259
343 271 405 312 202

731 266 759 309 P.
783 264 921 307 staturi

346 391 413 450 DE.
437 387 520 466 Quid
542 388 647 467 igitur,
672 388 845 538 Αεεεὴὶιέῗέ
882 391 948 522 ΑΕὲ
970 379 1086 461 Ehem:
1101 396 1180 466 pater
1201 387 1249 461 mi,
1266 398 1301 447 tu

822 499 840 539 c
861 497 943 539 eras.
1381 505 1382 508 ¹

338 689 466 759 proprio).
485 690 538 745 cfr.
558 692 631 743 Orat.
660 695 708 743 Ar.
730 700 798 759 poet.

337 773 391 829 475
408 764 487 824 Quem
505 779 567 812 vero
585 767 712 830 arripuit,
732 772 801 814 tenet

338 835 481 897 occiditque
499 835 612 899 legendo.
638 863 665 871 -
689 836 798 899 quidem.

337 905 495 955 veramente
525 904 545 953 11
577 906 698 956 Bembino
723 906 800 971 legge

337 977 463 1039 equidem,
477 975 543 1025 sulla
556 977 633 1042 quale
652 977 736 1026 forma
752 977 779 1026 cf
791 1019 797 1029 .

338 1046 364 1095 la
383 1054 445 1096 nota
464 1045 488 1095 al
507 1062 531 1096 v.
558 1057 608 1111 555
634 1047 711 1112 (dove
737 1049 800 1113 puoi

338 1118 505 1182 aggiungere,
542 1134 616 1169 come
648 1119 799 1169 formazioni

338 1188 467 1253 analoghe
498 1188 524 1237 di
553 1191 676 1253 equidem,
705 1206 800 1240 ancora

338 1267 468 1319 e·cast0r,
498 1263 627 1321 e·durus,
656 1262 797 1327 e·gelidus,

339 1346 405 1391 ecc.;
435 1329 480 1379 cir.
510 1331 589 1380 Hand
617 1333 734 1381 Turseli.
764 1333 798 1392 11,

337 1400 411 1467 423),
445 1418 460 1452 e
491 1401 516 1452 le
546 1411 607 1452 note
639 1403 744 1454 critiche
775 1403 800 1452 ai

340 1488 380 1521 vv.
396 1471 448 1522 268
468 1490 483 1524 e
503 1474 563 1534 640.
581 1473 614 1523 Se
626 1473 647 1522 si
667 1490 754 1524 avesse
767 1474 800 1523 ed

341 1552 469 1594 accettare
486 1544 511 1592 la
530 1545 629 1594 lezione
641 1545 684 1595 del
702 1544 799 1604 Bemb.,

345 1615 453 1665 sarebbe
468 1623 559 1680 questo
572 1631 608 1664 un
620 1631 679 1664 caso
689 1615 799 1680 analogo

343 1702 359 1734 a
384 1687 473 1751 quello
497 1686 524 1734 di
543 1687 615 1736 Eun.
640 1686 692 1750 956
712 1690 799 1750 Atque

340 1758 459 1819 equidem
480 1765 578 1815 orante,
599 1766 679 1807 utne
701 1759 732 1807 id
747 1757 798 1821 fa·

340 1836 417 1886 ceret,
441 1828 550 1885 Thaide,
570 1828 597 1877 in
622 1829 663 1877 cui
683 1829 798 1892 equidem

340 1898 517 1960 ricoperebbe
536 1906 610 1948 usato
628 1914 677 1948 con
690 1915 799 1964 persona

342 1968 444 2019 diversa
472 1969 540 2018 dalla
568 1970 659 2034 prima.
688 1971 721 2019 Se
744 1986 798 2019 non

340 2040 389 2089 che
402 2043 488 2103 Atque
507 2042 609 2104 quidem
628 2041 740 2106 leggono
753 2057 798 2090 an·

339 2111 387 2159 che
406 2111 449 2160 nel
468 2111 547 2176 luogo
566 2112 643 2161 citato
662 2112 797 2162 dell'Eun.

340 2180 507 2231 Fleckeisenx
529 2198 542 2232 e
563 2183 750 2249 Umpfenbach‚
766 2183 798 2233 ed

340 2253 381 2302 Et
398 2254 500 2317 quidem
523 2253 631 2317 leggeva
648 2254 668 2303 il
691 2254 799 2317 Bentley

340 2324 443 2387 seguito
474 2324 517 2373 dal
545 2329 660 2389 Wagner
690 2339 705 2375 e
729 2325 798 2374 dallo

341 2394 474 2454 Dziatzk0‚
495 2412 509 2444 e
529 2403 719 2446 recentemente
738 2411 799 2445 con·

340 2464 436 2514 sortato
455 2466 525 2514 dallo
543 2466 655 2516 Skutsch
667 2468 798 2528 (Hermes,

340 2549 383 2600 31,
394 2553 437 2602 pp.
445 2549 480 2598 94
490 2535 566 2602 sgg.).
580 2538 603 2586 Il
612 2538 712 2587 Ritschl
723 2538 798 2601 giun-

340 2623 405 2671 geva
423 2609 468 2673 poi
487 2610 519 2656 ad
539 2609 671 2657 affermare
683 2609 798 2674 (Proleg.

337 2678 372 2741 76
385 2677 455 2742 sgg.)
468 2680 515 2728 che
528 2679 567 2728 sin
577 2681 657 2729 anche
671 2681 697 2728 in
707 2679 799 2728 Plauto

334 2750 451 2813 equidem
479 2766 532 2799 non
557 2751 625 2801 fosse
654 2759 727 2799 usato
752 2751 799 2800 che

336 2836 387 2869 con
406 2820 430 2868 la
450 2822 533 2885 prima
545 2837 654 2887 persona
668 2817 696 2886 (ὲ
709 2829 800 2885 questa

335 2891 353 2940 Γ
365 2892 489 2956 opinione
520 2893 563 2942 del
588 2892 732 2957 ›Bentley);
774 2893 800 2941 la

336 2964 414 3027 quale
439 2963 590 3022 asserzione,
611 2968 736 3014 ritrattata
757 2964 799 3011 dal

336 3032 438 3082 Ritschl
445 3032 503 3097 (cfr.
517 3035 543 3082 la
552 3042 615 3083 nota
627 3052 642 3083 a
655 3037 681 3083 T
681 3037 732 3083 rin.
747 3045 799 3097 352

335 3121 350 3152 a
367 3105 501 3169 proposito
520 3106 547 3153 di
563 3106 673 3166 Qeeando
684 3107 799 3169 equidem

335 3176 397 3224 dato
428 3175 471 3224 dal
496 3177 553 3224 cod.
576 3174 758 3241 ambrosiano),
785 3172 800 3224 ὲ

335 3245 400 3294 satta
419 3261 466 3295 sua
483 3262 577 3295 ancora
596 3247 665 3296 dallo
688 3246 800 3296 Skutsch

335 3316 381 3364 nel
403 3332 479 3382 sopra
497 3318 576 3366 citato
602 3318 689 3381 luogo.
708 3319 799 3368 Anche

335 3387 373 3437 H.
386 3388 481 3437 Iordan
491 3386 576 3452 (Krit.
589 3389 672 3438 Beitr.
687 3405 735 3436 zur
753 3390 799 3437 Ge·

242 3490 244 3493 -
336 3460 448 3508 scdichte
473 3461 518 3507 der
542 3460 644 3509 Latein.
676 3460 799 3524 Spraclee,

336 3546 382 3594 pp.
397 3529 534 3592 314·336)‚
548 3546 598 3595 pur
614 3529 723 3580 iacendo
747 3546 800 3580 una

336 3600 487 3650 restrizione
514 3618 561 3667 per
588 3601 681 3652 Plauto
709 3600 746 3665 (l.
777 3616 798 3651 0.

853 710 897 759 pp.
917 705 968 757 332
988 706 1058 757 sgg.;
1078 692 1122 743 cfr.
1141 691 1217 741 anche
1234 689 1305 738 l’Us·

854 765 913 829 sing
924 780 940 812 a
950 764 1032 813 Plaut.
1041 764 1135 827 Amph.
1143 760 1210 828 757),
1222 760 1307 811 escluw

854 836 886 884 de
900 837 933 884 da
946 835 1073 884 Terenzio
1089 849 1124 882 un
1139 850 1183 883 uso
1195 834 1220 881 di
1233 831 1303 895 equi-

855 908 910 955 dem
923 906 1023 955 diverso
1033 906 1065 954 da
1079 905 1166 970 quello
1178 901 1303 953 ordinario
1381 935 1382 938 η

855 993 869 1027 e
880 977 1049 1027 ciceroniano.
1058 976 1096 1025 La
1105 976 1236 1041 questione
1242 968 1307 1038 perd

853 1063 906 1096 non
925 1048 947 1096 si
971 1044 1024 1113 pub
1049 1048 1103 1096 dire
1122 1046 1240 1105 definita3
1268 1042 1304 1107 gli

854 1119 946 1169 editori
959 1119 1083 1168 oscillano
1096 1134 1186 1167 ancora
1198 1125 1237 1166 tra
1247 1115 1301 1164 l'es·

853 1190 1001 1239 clusivismo
1019 1190 1062 1240 del
1080 1189 1187 1252 Bentley
1205 1205 1219 1238 e
1238 1188 1303 1235 l'ec·

854 1261 950 1310 cessiva
966 1261 1121 1324 indulgenza
1136 1260 1203 1310 dello
1222 1262 1302 1323 Spen-

854 1330 903 1398 gel.
929 1331 988 1390 Νοί,
1014 1331 1196 1381 riconoseendo
1219 1330 1304 1394 giuste

854 1419 900 1468 per
918 1402 1010 1451 Plauto
1035 1403 1060 1452 le
1086 1401 1244 1451 conclusioni
1263 1398 1303 1447 dei

854 1473 973 1522 Ribbeck
994 1472 1127 1538 (Beitrdge
1150 1489 1199 1521 zur
1222 1471 1305 1520 Lehre

854 1545 900 1592 der
924 1545 1012 1595 latein.
1032 1543 1176 1601 Partileeln,
1201 1560 1247 1607 pp.
1271 1538 1309 1604 38

854 1629 927 1679 sgg.;
953 1615 999 1665 cir.
1019 1615 1100 1664 anche
1119 1631 1164 1678 per
1183 1613 1303 1677 l'origine

853 1686 880 1734 di
890 1687 1012 1750 equidem,
1026 1686 1059 1733 da
1072 1685 1115 1733 noi
1128 1685 1225 1734 accolta
1239 1682 1303 1733 nella
1381 1693 1382 1696 ’

853 1764 915 1805 nota
938 1757 964 1805 al
988 1773 1010 1805 v.
1042 1766 1101 1821 555,
1127 1752 1173 1820 piis
1197 1753 1303 1820 special-

853 1836 939 1877 mente
967 1845 992 1893 p.
1022 1829 1056 1877 26
1085 1824 1142 1891 sg.),
1171 1827 1307 1876 riteniamo

852 1899 901 1948 che
920 1915 966 1964 per
983 1899 1109 1948 Terenzio
1126 1900 1147 1947 si
1165 1896 1321 1947 debbade*

853 1970 939 2023 cidere
952 1986 1011 2018 caso
1029 1986 1075 2035 per
1088 1985 1146 2018 caso
1159 1968 1224 2031 (cin,
1243 1970 1305 2017 oltre

853 2041 878 2089 al
910 2049 998 2090 nostro
1029 2041 1115 2105 luogo,
1147 2041 1219 2089 Eun.
1256 2036 1304 2101 956

853 2127 919 2177 sopr.
935 2113 985 2170 cit..
1002 2112 1034 2160 ed
1053 2113 1149 2161 Heaut.
1169 2109 1220 2172 632
1243 2111 1304 2158 dove

853 2183 875 2231 si
903 2183 1012 2232 avrebbe
1040 2183 1057 2231 l’
1068 2181 1162 2231 unione
1190 2182 1304 2244 equidem

854 2251 917 2319 ego),
937 2253 1090 2302 iondandosi
1115 2253 1170 2301 solo
1194 2252 1307 2300 sull'ac·

852 2325 932 2373 cordo
960 2325 1028 2374 della
1052 2323 1190 2373 tradizione
1217 2336 1306 2371 mano·

853 2396 948 2445 scritta.
961 2396 1002 2444 Da
1012 2403 1103 2461 questo
1116 2403 1195 2444 stesso
1204 2393 1307 2443 criterio

854 2483 915 2532 pare
934 2467 971 2515 sia
989 2468 1083 2532 partito
1102 2466 1121 2514 il
1140 2465 1220 2514 Fabia
1242 2483 1259 2514 a
1271 2464 1306 2512 di·

854 2537 958 2588 rendere
972 2539 1087 2601 equidem
1099 2537 1142 2586 nel
1160 2537 1242 2599 luogo
1258 2534 1307 2584 del·

852 2607 959 2667 l’Eun„
981 2624 1024 2657 ma
1041 2609 1074 2657 ad
1091 2609 1204 2657 adotture
1222 2608 1251 2655 la
1265 2608 1308 2656 lez.

854 2681 956 2743 quidem
986 2681 1014 2728 in
1045 2696 1107 2730 vece
1139 2678 1181 2728 nel
1217 2686 1308 2728 nostro

854 2751 941 2814 luogo.
961 2778 995 2786 -
1008 2752 1087 2800 nimis
1100 2758 1220 2800 sanctas:
1241 2771 1256 2794 ι
1273 2766 1307 2798 re·
1381 2741 1382 2750 ¹

853 2821 958 2885 ligiosas
979 2841 991 2864 ι
1017 2825 1043 2870 0'
1059 2842 1071 2866 ι
1094 2821 1225 2885 religionis
1254 2821 1310 2886 ple·

854 2909 899 2941 nas
921 2910 933 2933 ι
955 2892 976 2941 si
998 2893 1112 2942 dichiara
1136 2891 1206 2955 negli
1225 2890 1309 2950 scolii,

854 2962 944 3029 quindi
971 2983 983 3007 ι
1012 2980 1067 3022 con,
1086 2972 1175 3029 troppe
1201 2963 1307 3013 cerimo-

854 3034 896 3083 nie
914 3051 937 3096 ι,
957 3050 972 3084 e
990 3031 1046 3084 οἱοὲ
1065 3051 1115 3085 con
1133 3035 1218 3100 troppi
1236 3049 1308 3083 scru-

854 3104 909 3169 poli
919 3105 1174 3172 nell'adempimento
1184 3106 1211 3154 di
1221 3104 1309 3170 quelle

853 3176 1001 3236 cerimonie,
1021 3178 1072 3227 alle
1091 3176 1163 3242 quali
1180 3176 1203 3226 si
1221 3176 1308 3225 allude

854 3247 897 3297 nei
927 3263 966 3297 vv.
997 3258 1048 3313 905
1082 3264 1096 3297 e
1127 3247 1187 3309 90'7.
1220 3248 1308 3305 nimis,

853 3318 905 3368 due
923 3317 1003 3369 brevi.

890 3402 950 3451 900.
973 3391 1087 3439 Student
1108 3390 1143 3438 ha
1166 3389 1193 3438 la
1217 3389 1312 3438 sillabas

854 3458 931 3510 finale
950 3461 1096 3510 abbreviata
1122 3477 1168 3525 per
1186 3461 1213 3509 la
1232 3462 1309 3525 legge

853 3531 922 3580 delle
939 3532 1027 3596 parole
1046 3532 1200 3595 giambiche.

890 3615 951 3664 901.
968 3604 1040 3664 Quid
1049 3605 1147 3668 agitur,
1163 3604 1309 3653 Aeschinet
