2850 4259
335 295 397 354 300
519 289 694 335 nontamen
717 288 842 334 emico
866 290 907 333 BD
930 288 1098 333 nonomen

333 433 390 466 amo
408 416 440 465 ad
461 415 581 476 Esohino,
605 432 620 467 e
641 416 660 465 il
681 422 750 466 resto
774 433 790 465 a
810 419 917 481 Demea,
938 414 1132 481 immaginsndo
1158 414 1183 464 le
1205 413 1287 481 parole

339 506 459 557 Vtrum...
478 509 581 556 restata³
598 506 667 556 dette
686 523 700 555 a
720 511 790 572 parte
809 511 875 556 tutte
893 522 909 554 ο
929 506 1002 572 quasi
1021 503 1105 571 (Fan,
1126 503 1218 553 Ram.:
1245 503 1289 551 Ve-

334 611 419 647 rum...
442 621 471 630 -
495 596 567 657 Quid
586 612 654 660 ego...
673 593 753 644 uolo)
775 595 867 655 Quid...
891 600 994 645 restat)
1013 620 1046 630 —
1065 594 1148 658 Hegio
1170 610 1213 659 qq.
1238 592 1288 657 ss),

334 683 453 750 equelle
477 683 510 732 da
533 684 615 749 Hegio
640 684 668 733 in
696 683 740 748 poi
768 683 859 733 rivolte
886 699 901 732 e
927 682 1048 733 Micione.
1076 682 1194 732 varianti
1222 682 1288 731 dello

334 771 446 838 Spengel
465 785 545 821 sono:
565 770 681 820 Meriton
700 786 758 819 amo
776 775 823 820 te)
840 770 890 819 De.
916 770 1005 820 ...hoc
1023 771 1102 825 confit
1125 770 1197 834 quod
1213 771 1269 819 uolo
1278 788 1289 827 ,-

334 876 380 925 per
397 861 414 908 l'
425 860 636 925 interpretatione
654 859 700 910 cir.
721 859 745 910 le
764 866 824 910 note
843 876 858 908 a
876 854 919 925 pie
937 859 1006 910 della
1024 859 1118 924 pagina
1137 865 1268 923 seguente.

370 949 419 999 Per
439 964 480 999 me
498 963 578 1013 penso
597 947 645 998 che
662 948 681 997 il
701 956 772 1008 testo,
796 948 872 1014 quale
894 948 1029 999 scaturisse
1053 949 1085 997 da
1110 964 1144 996 un
1166 948 1287 1013 diligente

334 1053 419 1089 esame
439 1035 507 1087 della
526 1036 665 1087 trodizione
683 1038 854 1098 manoscritta,
874 1053 950 1103 possa
967 1052 1051 1087 essere
1069 1043 1176 1103 questo:

335 1198 432 1249 Meritb
449 1208 473 1249 te
491 1215 556 1250 anso.
575 1200 624 1250 De.
649 1198 771 1250 Veram...
793 1201 865 1261 Quid
880 1216 923 1266 ego
941 1201 1033 1260 dicam,
1055 1198 1100 1249 Ιιόε
1119 1214 1196 1263 quom
1214 1198 1292 1257 confit

423 1289 477 1339 uod
491 1289 569 1338 uolo?

334 1378 381 1429 Mi.
403 1305 474 1440 {uid
488 1378 560 1428 mim
577 1379 649 1444 quod
663 1384 763 1429 restat)
780 1379 828 1429 De.
849 1375 931 1444 Hc'gio
950 1378 1073 1445 cogndtus
1092 1397 1135 1445 qq.
1155 1395 1188 1430 ss.

375 1574 472 1624 Merito
491 1582 514 1624 tc
532 1590 589 1624 ame
607 1590 660 1624 non
678 1575 734 1625 solo
754 1569 768 1623 e
786 1574 954 1624 conveniente
972 1574 1000 1622 in
1017 1574 1097 1623 bocca
1120 1573 1152 1622 ad
1171 1573 1289 1633 Esehino,

337 1677 379 1711 ma
397 1658 411 1709 ὲ
430 1677 503 1713 come
522 1663 664 1712 necesario
683 1664 857 1728 compimento
874 1662 917 1712 dei
935 1662 1006 1711 Bene
1016 1662 1091 1726 facis
1109 1662 1156 1712 che
1168 1663 1287 1728 precede

335 1751 378 1800 cir.
398 1752 470 1801 Eun.
493 1749 542 1800 186
560 1751 656 1801 Merito
674 1759 698 1801 tc
716 1768 780 1810 arno,
803 1753 862 1801 bene
878 1751 962 1815 sacis,
986 1751 1011 1800 la
1036 1752 1120 1817 quale,
1140 1767 1186 1817 per
1209 1766 1291 1801 essere

336 1840 549 1906 un'espressione
570 1841 597 1890 di
614 1841 834 1905 ringraziamento,
859 1851 950 1907 poteva
971 1857 1054 1891 essere
1076 1841 1289 1890 comunissimne

335 1945 381 1995 per
399 1928 451 1980 cosi
469 1929 524 1980 dire
537 1931 707 1996 stereotipata.
726 1931 825 1981 Demea
837 1932 881 1998 poi
900 1947 952 1981 non
971 1928 1069 1981 edetto
1082 1931 1129 1980 che
1147 1930 1233 1980 debba
1246 1947 1289 1995 per

336 2017 405 2068 iorza
423 2019 587 2084 ringrazinre;
613 2021 710 2069 nonio
733 2020 758 2070 in
783 2016 816 2071 nl
835 2037 911 2070 meno
935 2021 1032 2071 altrove
1055 2017 1113 2085 (cir.
1133 2030 1186 2086 970
1204 2035 1289 2086 segg.;

336 2106 388 2172 982
408 2107 484 2173 seg.),
503 2106 595 2175 perchi
614 2110 655 2159 chi
674 2110 772 2161 rimane
790 2110 924 2176 obbligato
942 2112 976 2159 od
994 2106 1009 2159 ὲ
1027 2110 1147 2171 Eschino,
1173 2126 1198 2171 o,
1220 2125 1290 2158 come

336 2196 363 2247 in
382 2213 510 2264 appresso,
530 2197 604 2257 Siro;
630 2199 682 2263 egli
705 2216 751 2265 per
770 2195 797 2249 se
824 2215 877 2251 non
896 2201 929 2250 ha
946 2200 994 2250 che
1014 2215 1066 2249 una
1085 2199 1141 2249 sola
1158 2200 1232 2259 irase,
1252 2216 1291 2248 ma

335 2287 362 2336 di
378 2287 566 2339 soddisiazione
579 2285 625 2354 pii
637 2290 684 2339 che
698 2289 725 2338 di
738 2290 956 2354 ringrazinmento,
976 2290 1053 2355 piena
1065 2290 1092 2339 di
1105 2307 1191 2340 amara
1203 2290 1288 2348 ironia,

335 2393 350 2428 e
369 2393 413 2442 per
431 2377 522 2441 giunta
540 2393 590 2427 eon
607 2394 657 2427 nna
677 2380 741 2430 coda
759 2380 965 2430 velenosissima:
985 2381 1037 2429 Suo
1056 2382 1105 2429 sibi
1120 2381 1208 2446 gladio
1224 2381 1291 2429 hunc

334 2466 423 2531 iugulo
441 2462 476 2530 (v.
496 2465 568 2531 958).

371 2554 410 2604 La
426 2553 526 2605 lezione
544 2556 588 2621 poi
607 2573 649 2622 ego
670 2558 742 2619 Quid
756 2557 782 2607 di
801 2560 829 2608 D
842 2559 871 2617 G,
892 2574 906 2608 e
924 2558 950 2607 lo
963 2559 1048 2624 spazio
1067 2559 1169 2608 innanzi
1190 2576 1205 2607 a
1226 2558 1293 2619 Quid

336 2644 362 2693 in
384 2644 414 2702 G,
433 2659 460 2694 se
479 2660 530 2693 non
549 2645 708 2695 autorizznno
728 2648 760 2696 ad
783 2638 919 2712 assegnare
943 2663 1012 2696 aun
1030 2648 1096 2698 nitro
1122 2646 1289 2714 personaggio

334 2725 470 2798 (Micion'e)
489 2733 508 2783 il
530 2735 605 2796 Quid,
625 2750 697 2786 come
718 2736 743 2785 ia
766 2736 785 2785 il
802 2736 919 2801 Bentley,
932 2752 1043 2802 possono
1061 2738 1129 2788 bene
1147 2734 1211 2803 peto
1228 2735 1288 2785 farei

335 2839 459 2890 suppone
478 2824 525 2875 che
548 2824 643 2874 Verum
662 2826 747 2875 debba
765 2842 849 2877 essere
867 2826 1027 2876 considerato
1043 2823 1098 2876 ase
1116 2824 1166 2890 (1),
1185 2842 1238 2874 non
1250 2821 1290 2888 gii

336 2913 513 2964 intimamente
537 2913 664 2978 collegato
689 2931 738 2964 con
760 2915 821 2980 quel
846 2916 893 2966 che
918 2931 1013 2980 segue3
1038 2931 1095 2966 esso
1120 2916 1217 2965 doveva
1236 2909 1290 2962 cine

341 3099 563 3110 ---.-—.......

363 3210 396 3261 (ι)
409 3208 471 3260 nnn,
486 3221 569 3250 senon
585 3205 725 3258 dispiacesse
740 3208 762 3248 la
776 3207 906 3259 ripetizione
921 3206 945 3249 dl
959 3222 1007 3261 ego,
1022 3208 1137 3260 proporrei
1153 3222 1165 3248 a
1181 3207 1282 3249 dirittura

336 3316 421 3357 Merita
435 3319 456 3356 te
466 3328 522 3356 amo.
536 3314 579 3355 De.
589 3315 673 3354 Veram
682 3327 744 3365 egon.
753 3314 816 3365 Quid
822 3327 864 3365 ego
873 3315 948 3356 dicam
962 3315 1003 3357 hoc
1011 3329 1075 3367 quom
1085 3316 1156 3368 confit
1165 3316 1225 3367 qued
1232 3313 1293 3355 uoto?

364 3420 437 3474 Colgo
445 3421 483 3473 qni
491 3420 626 3464 l'occasione
641 3434 681 3472 per
690 3420 811 3472 esprimere
825 3419 841 3462 il
851 3419 895 3462 mio
906 3420 990 3463 dubbio
1001 3421 1043 3463 che
1055 3422 1116 3463 iorse
1127 3420 1163 3462 sia
1172 3420 1210 3473 pii
1220 3420 1293 3472 giusta

336 3493 421 3534 lezione
435 3493 476 3534 hoc
489 3493 559 3545 confit
571 3493 631 3544 quod
642 3492 692 3533 uolo
707 3490 758 3543 (eir.
764 3492 785 3532 le
800 3490 904 3533 citationi
914 3505 981 3543 sopra
995 3491 1092 3543 riserite;
1105 3490 1197 3533 ricorde
1205 3491 1227 3533 in
1238 3492 1293 3532 oltre

336 3563 358 3605 la
372 3564 412 3605 lez.
426 3562 449 3604 di
464 3565 483 3604 C
495 3564 517 3605 di
532 3563 602 3615 prima
616 3564 703 3615 mano);
720 3564 815 3604 tuttavia
827 3562 1003 3605 l'emendnzione
1019 3565 1121 3607 Meriton
1135 3577 1187 3604 amo
1201 3568 1222 3605 te
1234 3563 1294 3604 dello

336 3630 434 3683 Spengel
449 3646 474 3674 sn
487 3641 567 3685 troppo
582 3633 648 3675 dion
662 3633 750 3686 ripieffo
764 3646 804 3685 per
819 3642 949 3677 mantenere
964 3635 1038 3686 quella
1053 3633 1150 3676 lenione.
