2850 4259
491 221 658 265 ADELPHOE
1011 220 1049 283 55

116 353 210 410 Verum
231 350 309 412 enim
335 349 458 427 quando
485 350 563 409 bene
590 348 762 426 promeruit,
787 351 856 409 stat:
895 365 980 407 suom
1007 346 1053 409 ius

126 509 133 529 .
539 441 679 517 pustulat.

116 532 168 607 Age
188 528 242 589 iarn
269 529 365 608 cupi0‚
395 534 420 589 st
447 530 540 588 modo
570 535 726 607 argentum
758 528 873 589 reddat.
921 528 975 590 sed
998 547 1054 607 ego

539 619 598 678 hoc
621 616 768 679 hariolor:
844 665 846 670 .

116 686 167 768 ibi
186 727 230 768 me
252 706 354 768 dixero
378 709 449 768 dare
471 705 555 781 tanti,
579 706 661 768 testis
684 707 772 769 faciet
794 707 874 781 ssico,

55 837 57 842 -
116 796 276 857 Vendidisse
290 803 347 870 me,
362 798 402 857 de
416 806 539 875 argento
551 796 702 858 somnium
717 815 723 858 :
760 800 866 859 ‘mox:
891 802 956 858 cras
971 794 1055 858 redi.'

116 1082 165 1134 fisso
182 1101 220 1134 era
231 1085 277 1134 che
289 1101 342 1134 non
356 1084 442 1134 faceva
454 1100 550 1134 nessun

116 1155 243 1220 guadagno,
256 1152 349 1221 perche
367 1156 480 1205 Eschino
498 1172 551 1204 non

116 1226 192 1275 voleva
204 1228 282 1291 dargli
294 1244 340 1292 per
352 1227 377 1276 la
390 1227 490 1276 schiava
505 1228 552 1276 che

116 1298 164 1346 solo
179 1300 242 1347 venti
261 1300 330 1348 mine
348 1298 432 1362 (192),
453 1306 551 1348 mentre

117 1368 160 1432 egli
181 1386 223 1433 per
246 1385 297 1418 non
323 1386 400 1419 meno
430 1370 456 1419 di
481 1377 551 1419 tanto

116 1439 354 1506 l'avevacomperata,
363 1442 476 1506 supplire
486 1439 552 1491 cosi:

117 1512 201 1575 uiginti
211 1514 286 1561 minis
298 1513 429 1562 maaliarem
435 1513 556 1577 postulat

116 1583 159 1630 sui
182 1585 286 1641 tradier,
318 1600 397 1648 quara
430 1584 553 1632 tantidem

117 1655 165 1701 emi.
183 1677 214 1688 -
232 1651 338 1704 tradier.
358 1656 395 1704 Le
408 1655 490 1703 forme
504 1670 553 1703 arc.

117 1722 209 1773 d'infin.
227 1742 291 1789 pass.
312 1726 338 1774 in
358 1727 407 1774 -ier
425 1727 554 1774 ricorrono

116 1810 193 1858 presso
208 1796 216 1844 i
228 1795 326 1850 Comici
339 1797 381 1846 nei
395 1796 461 1846 versi
473 1796 554 1860 giam·

120 1865 165 1914 bici
181 1883 194 1915 e
211 1868 319 1931 trocaici‚
333 1868 360 1917 in
375 1867 426 1917 fine
444 1868 471 1915 di
483 1883 555 1916 verso

116 1951 131 1983 0
152 1953 209 2001 pure
237 1938 279 1988 del
303 1939 387 2004 primo
414 1938 556 1989 emistichio

116 2006 155 2055 del
171 2012 302 2059 settenario
320 2026 336 2057 0
355 2008 577 2059 dell'ottonario.'

117 2077 163 2128 Cfr.
180 2080 203 2128 la
221 2088 281 2130 nota
293 2097 308 2129 a
320 2081 393 2138 fieret
404 2081 446 2130 del
459 2097 482 2129 v.
499 2081 556 2131 106.

149 2164 202 2199 201.
216 2153 291 2208 enim,
306 2153 436 2217 pirrichio.
453 2173 483 2190 ›-
492 2160 557 2215 pra·

119 2226 206 2272 meruit
227 2219 241 2271 ὲ
266 2231 338 2273 usato
359 2223 558 2273 assolutamente

117 2309 181 2343 come
199 2301 265 2343 sotto
284 2295 309 2343 al
327 2311 350 2343 v.
371 2294 436 2356 6813
463 2294 558 2344 altrove

117 2360 213 2414 eusato
230 2381 281 2413 con
299 2381 335 2414 un
353 2374 466 2431 oggett0‚
486 2381 559 2415 come

116 2436 141 2484 iu
156 2437 231 2485 Phar.
254 2437 313 2500 516.
339 2438 428 2487 Anche
453 2438 480 2485 in
506 2435 559 2485 Cic.

117 2515 199 2571 questo
207 2508 294 2562 ,verbo
307 2523 409 2559 occorre
421 2524 470 2558 con
489 2508 560 2555 l’uno

117 2593 131 2625 0
146 2579 225 2628 l’altro
245 2595 298 2636 uso,
313 2596 361 2644 nra,
375 2588 476 2646 quanto
489 2579 513 2627 al
526 2580 559 2627 si·

117 2648 235 2714 gnificato,
244 2650 271 2699 in
280 2650 332 2699 Cic.
346 2668 401 2701 esso
411 2648 425 2700 ὲ
435 2672 471 2692 --
486 2670 497 2693 ι
507 2666 560 2698 me-

119 2721 192 2769 ritarsi
212 2741 224 2764 »
246 2728 316 2770 tanto
335 2724 362 2772 in
381 2738 455 2772 senso
473 2722 561 2769 buono

117 2801 206 2855 quanto
218 2794 246 2841 in
259 2809 334 2842 senso
347 2794 447 2855 cattivo,
462 2800 560 2843 mentre

117 2863 153 2911 nei
170 2862 268 2912 Comici
287 2864 314 2912 in
337 2873 426 2930 questo
451 2864 562 2913 secondo

117 2949 184 2983 senso
202 2931 216 2983 ὲ
235 2943 309 2984 usato
334 2952 490 2993 commerea;
517 2934 562 2983 cfr.

118 3005 190 3054 Phar.
211 3006 277 3064 2063
296 3008 359 3056 Her.
379 3007 445 3069 631;
464 3022 515 3056 ecc.
529 3031 563 3040 —

117 3091 191 3138 suam,
205 3093 274 3125 mon.
288 3095 334 3142 per
346 3078 417 3127 siniz.
431 3104 465 3114 --
480 3095 500 3127 s.
514 3078 564 3132 ius,

118 3145 181 3196 detto
200 3149 390 3208 ironicamente,
411 3165 483 3199 come
500 3158 564 3214 pro·

119 3221 214 3268 meruit.

151 3303 208 3339 202.
229 3292 313 3355 cupio,
331 3292 375 3341 scl.
393 3292 526 3341 mulierem
545 3291 568 3341 ei

120 3362 219 3410 tradere
236 3382 272 3403 =
293 3383 305 3406 e
319 3379 366 3412 son
378 3369 471 3427 pronto
483 3379 498 3411 a
510 3363 566 3411 dar·

122 3430 194 3492 gliela
209 3451 232 3482 ι.
252 3458 285 3468 -
305 3434 402 3497 mod(a)
414 3449 479 3499 arg„
492 3434 566 3499 pi'rr.;

122 3501 164 3552 cfr.
179 3519 201 3551 v.
221 3502 262 3554 81.
277 3530 308 3541 —
322 3506 417 3554 reddat
427 3525 463 3544 =
474 3504 568 3563 soluat,

123 3586 193 3625 come
210 3591 297 3643 spesso
315 3576 343 3626 in
362 3575 455 3626 Plauto
478 3591 493 3627 e
517 3575 568 3626 Te·

605 1085 697 1135 renzio.
722 1111 755 1121 -
774 1084 898 1139 hariolar,
923 1082 1057 1147 vaneggiO,

605 1172 678 1206 come
691 1157 717 1205 fa
726 1172 761 1204 un
774 1155 905 1204 indovino.
914 1153 967 1203 Cfr.
978 1155 1059 1203 Phar.

605 1241 666 1290 492.
686 1229 717 1276 In
736 1234 826 1292 questo
845 1242 919 1275 senso
938 1226 958 1274 il
981 1227 1060 1275 verbo

606 1300 736 1348 hariolari
752 1314 805 1347 non
824 1313 867 1347 era
884 1298 940 1346 solo
959 1298 1001 1347 del
1022 1297 1059 1345 la·

607 1371 661 1419 tino
678 1386 777 1432 arc.,'se
793 1366 807 1417 ὲ
820 1384 880 1418 vero
893 1370 939 1418 che
952 1366 966 1417 ὲ
980 1368 1061 1418 anche

607 1448 745 1491 contenuta
765 1442 781 1489 l'
789 1441 847 1490 idea
861 1440 887 1488 di
900 1440 1061 1505 vaneggiare‚

607 1514 633 1562 di
640 1513 739 1578 parlare
749 1528 837 1573 acaso,
847 1512 874 1559 in
885 1520 975 1577 questo
982 1512 1062 1575 luogo

608 1585 634 1632 di
664 1582 718 1632 Cic.
750 1583 799 1646 (ad
826 1586 881 1634 Art.
911 1582 934 1646 8,
964 1596 1002 1645 11,
1034 1580 1063 1645 3)

608 1651 789 1719 Προθεσπίζω
806 1654 896 1719 igitur,
910 1672 963 1703 non
976 1655 1062 1702 haria·

608 1728 675 1784 lans,
689 1732 721 1774 ut
734 1727 789 1783 illa,
803 1727 847 1774 cui
857 1742 930 1774 nemo
949 1725 1064 1779 credidit,

609 1798 655 1847 sed
661 1797 818 1862 ¹coniectura
829 1798 1000 1861 prospiciens.
1013 1795 1064 1843 Del

609 1875 676 1917 resto
694 1868 714 1915 il
732 1868 825 1916 cattivo
844 1884 919 1917 senso
935 1868 962 1915 di
975 1874 1065 1932 questa

611 1938 699 2004 parola
711 1946 807 1987 mostra
817 1939 844 1986 in
854 1939 900 1987 che
913 1954 979 2003 poco
989 1944 1065 1987 conto

611 2026 689 2059 erano
708 2010 790 2060 tenuti
815 2009 851 2073 gli
877 2010 974 2058 harioli
995 2008 1066 2073 dagli

611 2080 715 2130 antichi.
729 2082 782 2133 Cfr.
793 2081 876 2129 Plaut.
890 2082 984 2144 Amph.
999 2092 1065 2144 1132

611 2153 733 2208 hariolos,
751 2152 900 2215 haruspices
918 2152 995 2201 Mitte
1014 2168 1065 2200 am·

612 2240 672 2282 nes,·
692 2222 791 2273 Catone
809 2225 840 2271 R.
860 2224 890 2272 R.
911 2232 965 2287 5‚4
981 2224 1066 2271 haria·

613 2295 676 2353 lum,
691 2295 847 2343 Chaldaeum
866 2311 897 2342 ue
916 2311 990 2358 quem
1009 2311 1067 2343 can-

613 2365 724 2414 suluisse
742 2367 822 2421 uelit,·
841 2363 894 2415 Cic.
908 2367 970 2415 Dia.
989 2379 1010 2429 1,
1026 2363 1067 2429 58,

618 2449 666 2499 132
680 2438 728 2500 qui
744 2444 866 2501 quaestus
884 2453 964 2486 causa
982 2438 1068 2485 llario-

614 2507 709 2556 lentur.
744 2565 747 2570 Ι

651 2591 710 2642 203.
745 2580 794 2627 Vbi
819 2595 857 2626 me
884 2581 974 2628 dixero
1001 2581 1026 2627 d.
1051 2586 1069 2628 t.

618 2669 629 2692 ι
650 2649 730 2699 Recte
749 2650 820 2698 dixit.
834 2650 886 2699 Ubi
899 2651 968 2700 enim
985 2650 1070 2716 pactio

614 2720 787 2771 intercesserit
798 2721 881 2785 pretii,
895 2722 946 2770 iam
960 2722 1070 2787 ereptio·

616 2792 656 2839 nis
669 2793 736 2841 actio
748 2792 848 2841 sublata
861 2793 908 2841 erit
923 2801 949 2842 et
961 2793 1071 2858 pretium

616 2862 754 2913 debebitur
774 2884 796 2912 ».
816 2862 927 2913 Donato.
948 2891 980 2899 -
1001 2866 1071 2921 dare,

616 2950 663 2999 per
682 2936 807 2988 daturum
833 2950 892 2994 esse,
914 2936 1073 2984 costruzione

618 3007 664 3054 che
684 3006 720 3054 tal
739 3006 814 3069 volta,
828 3005 897 3070 dopo
917 3006 1010 3056 iverbi
1025 3006 1072 3054 che

619 3074 772 3141 significano
784 3084 939 3141 promettere
958 3094 972 3127 0
984 3076 1070 3138 simili,

620 3150 713 3198 ricorre
750 3147 818 3197 nella
854 3165 929 3213 prosa
961 3148 1074 3198 classica.

620 3218 673 3268 Cfr.
690 3218 748 3269 Ces
762 3209 801 3267 B]
812 3219 842 3268 G.
853 3232 878 3280 4,
894 3235 935 3280 21,
949 3237 963 3270 e
976 3219 1003 3268 la
1014 3227 1075 3268 nota

621 3291 646 3340 al
657 3307 682 3340 v.
696 3303 757 3351 224.
767 3318 801 3326 -
814 3292 884 3339 testis
889 3292 990 3356 facere,
1002 3306 1076 3339 come

622 3364 692 3412 testis
710 3363 836 3419 adhibere,
858 3363 937 3414 Phar.
958 3373 1019 3426 714.
1043 3386 1076 3399 ’-

622 3434 697 3482 ilica:
717 3432 762 3481 cfr.
782 3449 805 3481 v.
828 3433 885 3496 156.

659 3516 719 3566 204.
744 3505 774 3552 de
796 3520 852 3569 arg.
877 3505 1013 3562 somnium,
1033 3504 1078 3553 scl.

624 3581 663 3625 est
679 3590 695 3625 0
714 3576 778 3626 erit:
797 3574 843 3625 cfr.
867 3590 890 3624 v.
909 3574 953 3638 46.
972 3574 1079 3626 D'ordi·
