2850 4259
730 300 808 354 14
1488 292 1544 337 P.
1590 290 1863 336 mutum

714 425 785 483 In
831 420 1060 481 Graeca
1103 419 1457 480 adulescens
1506 422 1611 491 est,
1660 415 1765 493 qui
1808 414 2016 477 lenoni
2060 412 2232 495 eripit

715 513 1094 571 Meretricem
1140 508 1203 568 in
1232 507 1424 594 prima
1472 507 1712 567 fabula:
1792 525 1929 566 eum
1976 507 2218 566 Plautus
2262 506 2457 566 locum

713 598 985 676 Reliquit
1027 597 1341 676 integrum.

1434 615 1574 656 eum
1619 597 1720 656 hic
1762 596 1964 656 locum
2012 601 2265 674 sumpsit
2310 593 2421 654 sibi
2540 617 2604 655 10

721 693 794 750 In
841 689 1167 766 Adelphos,
1219 688 1474 747 uerbum
1520 687 1598 745 de
1644 686 1831 745 uerbo
1879 703 2222 763 expressum
2272 682 2489 745 extulit.

715 937 864 1002 cipes.
903 935 957 986 Si
984 935 1168 986 ricordi
1193 935 1286 984 che
1311 933 1502 986 Plauto·
1533 934 1618 983 nei

714 1007 847 1058 titoli
872 1007 1008 1058 delle
1034 1023 1124 1056 sue
1145 1006 1445 1066 commedie,
1467 1023 1498 1055 a
1521 1005 1616 1054 dif-

714 1080 915 1129 ferenza
952 1079 1004 1127 di
1030 1078 1298 1142 Terenzi0,
1327 1093 1418 1128 usa
1443 1078 1617 1143 parole

717 1152 1098 1200 achiettamente
1141 1148 1332 1200 latine:
1393 1149 1616 1213 Captiui,

721 1222 978 1280 CurculiO,
1006 1220 1161 1270 [mles
1177 1221 1453 1286 gloriosus,
1472 1219 1618 1268 Mer-

721 1300 858 1341 ‚·.;·ror
882 1290 960 1358 (di
985 1292 1067 1341 cui
1089 1290 1178 1340 cfr.
1206 1292 1246 1351 1,
1273 1306 1316 1351 1,
1345 1308 1423 1342 W.
1452 1289 1618 1356 9-10)‚

721 1380 835 1423 ecc..
876 1381 904 1414 e
939 1363 1183 1427 aggettivi
1219 1362 1274 1412 in
1315 1365 1468 1422 -aria,
1511 1364 1618 1410 Au-

721 1436 927 1495 ··'s‡a⁴'aria,
955 1434 1299 1492 Mostellaria,
1329 1449 1430 1484 ecc.
1455 1451 1469 1500 ;
1507 1434 1620 1482 voci

717 1506 898 1568 ,igi-eche
947 1522 1039 1555 usa
1093 1505 1203 1554 solo
1257 1522 1349 1570 per
1403 1506 1421 1554 i
1478 1505 1620 1553 nomi

721 1578 904 1642 propri.
932 1576 1036 1625 cfr.
1063 1577 1292 1636 Didasc„
1320 1576 1422 1625 alla
1445 1576 1622 1641 parola

721 1648 983 1712 Adelphoe.
1034 1646 1138 1710 Qui
1187 1647 1229 1697 si
1280 1648 1389 1697 noti
1436 1663 1622 1696 ancora

717 1720 807 1768 che
843 1719 1094 1769 Terenzio
1132 1734 1223 1784 per
1261 1725 1398 1769 tutte'
1431 1720 1480 1770 le
1529 1734 1620 1768 sue

717 1791 999 1841 cmnmedie
1023 1806 1114 1839 usa
1143 1789 1275 1839 titoli
1303 1791 1469 1854 greci3
1509 1790 1619 1839 solo

721 1880 805 1928 per
842 1861 880 1911 il
908 1862 1154 1910 Phormio
1181 1861 1236 1909 fu
1275 1862 1410 1911 forse
1450 1868 1619 1911 tratte·

725 1940 845 1982 nuto
894 1932 980 1982 dal
1035 1931 1328 1982 trascrivere
1379 1932 1415 1981 il
1470 1933 1619 1983 titolo

717 2004 834 2052 dell·
859 2003 1107 2068 originale
1153 1999 1619 2066 Ἐπιόικαζόμενος

717 2075 852 2124 ¹talla
899 2071 1147 2124 difficolta
1195 2075 1288 2125 che
1338 2076 1620 2125 avrebbero

717 2154 908 2196 truvata
931 2147 949 2195 i
975 2145 1198 2195 Romani
1223 2147 1288 2195 ad
1312 2145 1617 2207 intenderlo‚

721 2218 1015 2268 riferendosi
1053 2216 1174 2283 quel
1213 2218 1360 2267 titolo
1403 2219 1469 2266 ad
1519 2234 1620 2266 una

721 2292 865 2353 legge
901 2289 1068 2347 attica,
1108 2289 1173 2338 ad
1221 2290 1321 2339 essi
1373 2295 1618 2340 estranea.

725 2388 777 2396 -ε
807 2362 997 2412 Eam...
1019 2360 1161 2424 fecit
1197 2381 1222 2406 c
1254 2361 1307 2409 di
1333 2368 1514 2426 questa
1540 2361 1618 2409 Pl.

721 2436 825 2481 [κε
864 2431 881 2480 i
918 2430 976 2481 C.
1021 2449 1067 2482 ι.

785 2517 832 2564 9.
882 2503 941 2551 in
982 2503 1162 2568 prima
1193 2502 1392 2566 sabula
1442 2524 1513 2543 =
1567 2503 1622 2551 in

721 2574 971 2640 principio
1008 2574 1147 2623 della
1184 2574 1487 2623 commedia.
1531 2573 1620 2622 Al-

717 2646 832 2695 cimi
874 2645 1118 2709 aggettivi
1156 2645 1404 2694 indicanti
1443 2645 1621 2695 ordine

717 2737 745 2760 ιί
793 2716 877 2767 nel
925 2723 1100 2782 tempo
1153 2732 1185 2765 0
1241 2715 1379 2765 nello
1435 2717 1618 2781 spazi0‚

721 2792 873 2837 [anno
926 2804 1031 2837 non
1081 2794 1364 2837 raramente
1413 2787 1464 2837 le
1512 2788 1624 2836 veci

717 2860 797 2908 -lel
837 2865 956 2908 sost.
997 2875 1029 2908 0
1065 2858 1443 2909 dell’avverbiO.
1482 2858 1622 2907 Sono

717 2931 860 2996 quasi
899 2931 1017 2981 tutti
1055 2929 1369 2995 superlativi,
1395 2946 1423 2980 e
1449 2930 1493 2978 si
1518 2929 1618 2978 col-

721 3004 894 3051 locano
956 3002 1010 3050 di
1074 3000 1250 3065 regola
1310 3002 1515 3050 innanzi
1572 3000 1622 3050 al

717 3081 851 3134 mat„
875 3074 967 3123 che
988 3071 1310 3122 modificano.
1326 3071 1434 3126 Cfr.
1449 3074 1622 3122 Andr.

729 3160 737 3192 ι
753 3160 781 3208 3
789 3158 818 3208 3
853 3145 1069 3193 mediam
1095 3144 1356 3193 mulierem
1384 3144 1625 3207 complec-

717 3220 862 3266 titur.
902 3216 948 3264 Ε
998 3214 1136 3264 nella
1185 3229 1336 3280 prosa
1379 3213 1620 3264 classica:

717 3292 769 3336 ἐκ
809 3294 1038 3337 extrema
1070 3287 1300 3335 oratione
1324 3307 1396 3327 =
1420 3285 1622 3336 nell'ul·

717 3360 838 3408 'tima
873 3364 1017 3423 parte
1043 3357 1248 3416 dell'o.;
1296 3358 1515 3406 extremi
1548 3358 1623 3407 di-

713 3431 811 3488 „v'si
844 3449 915 3469 =
950 3429 999 3479 le
1032 3425 1290 3478 estremita
1314 3428 1450 3478 delle
1489 3428 1619 3490 dita;

721 3516 818 3550 uec.
857 3525 923 3536 -—
962 3517 1092 3559 eum,
1133 3514 1329 3549 monos.
1369 3500 1476 3550 cfr.
1509 3515 1555 3552 ν.
1592 3510 1619 3561 7

717 3591 745 3620 1:
785 3588 826 3620 v.
872 3570 954 3620 81.

801 3655 874 3692 ιο.
913 3642 967 3691 Si
1004 3643 1114 3691 noti
1150 3642 1202 3691 la
1238 3642 1423 3693 inutile
1448 3643 1621 3708 ripeti-

1730 934 1873 983 zione
1912 950 2025 983 eum
2042 969 2054 982 .
2073 968 2086 983 .
2104 969 2117 984 .
2159 933 2341 994 locum,
2382 933 2609 983 scusabile

1727 1004 1865 1055 nella
1900 1005 2107 1070 parlata.
2141 1004 2261 1053 Non
2300 1004 2372 1054 mi
2397 1021 2511 1070 pare
2533 1020 2609 1070 per

1727 1073 1807 1126 εἰὸ
1844 1077 2014 1141 giusto
2051 1091 2263 1140 segnare
2300 1075 2332 1124 1·
2355 1078 2483 1125 ictus
2521 1076 2609 1124 sul-

1727 1148 1791 1196 l’e
1827 1148 1879 1196 di
1918 1164 2047 1207 eum,
2085 1148 2140 1196 in
2178 1163 2300 1197 vece
2339 1148 2431 1196 che
2466 1164 2520 1196 su
2542 1148 2609 1195 bic

1716 1211 1791 1285 ⁶(ss
1806 1225 1970 1285 poeta,
1987 1219 2256 1282 Terenzi0‚
2273 1224 2608 1284 contrapposto

1728 1290 1778 1340 al
1805 1292 2028 1341 Plautus
2064 1291 2148 1340 del
2184 1306 2231 1340 v.
2259 1288 2332 1356 9).
2360 1289 2465 1339 cfr.
2492 1292 2607 1354 App.

1729 1362 1839 1412 crit.
1867 1387 1933 1396 —-
1972 1363 2195 1427 sumpsit
2228 1384 2298 1404 =
2321 1377 2375 1411 se
2413 1376 2477 1411 ne
2501 1358 2608 1411 servi

1728 1450 1874 1499 per...
1915 1433 1969 1482 Si
2007 1433 2118 1482 noti
2154 1431 2193 1482 il
2242 1449 2457 1493 sumere,
2492 1433 2609 1482 detto

1727 1506 1781 1553 di
1808 1505 1892 1555 chi
1920 1505 1964 1553 si
1988 1505 2099 1553 vale
2126 1505 2178 1554 di
2205 1520 2277 1554 un
2306 1503 2454 1563 libro,
2483 1503 2532 1552 di
2551 1517 2611 1551 un

1729 1582 1919 1636 autore,
1951 1591 2100 1626 senza
2137 1577 2232 1626 che
2259 1592 2351 1641 per
2374 1582 2546 1640 questo
2565 1573 2609 1622 lo

1729 1648 1771 1696 si
1791 1648 1905 1697 dica
1925 1663 1996 1696 uu
2016 1646 2294 1713 plagiario:
2321 1647 2357 1697 il
2384 1645 2609 1696 contrario

1729 1715 1757 1767 ὲ
1795 1720 2075 1783 εαννίρενε.
2115 1717 2223 1768 Cic.
2252 1720 2408 1768 Brut.
2446 1731 2520 1779 19,
2555 1715 2609 1778 76

1728 1807 1761 1838 a
1798 1790 1999 1838 Naevio
2047 1790 2317 1856 sumpsisti
2360 1789 2533 1846 multa,
2572 1787 2611 1835 si

1712 1862 1933 1926 fateris,
1988 1861 2073 1909 vel
2128 1863 2177 1910 si
2234 1877 2406 1927 negas,
2466 1859 2608 1908 surri-

1720 1934 1903 1998 puisti.

1808 2016 1885 2053 11.
1925 2004 2138 2053 uerbum
2178 2006 2237 2053 de
2262 2005 2415 2053 uerbo
2446 2010 2574 2067 expr.
2593 2019 2611 2058 ,-

1728 2091 1820 2141 per
1857 2075 1907 2123 la
1941 2074 2115 2124 critica
2141 2075 2194 2123 di
2219 2075 2395 2134 allora,
2421 2075 2510 2124 che
2534 2072 2609 2122 esi·

1729 2162 1858 2210 geva
1894 2144 1944 2194 la
1980 2142 2071 2210 piu
2095 2147 2291 2210 grande
2317 2144 2503 2196 sedelta
2525 2144 2608 2208 agli

1698 2226 1708 2238 “
1727 2217 1966 2282 originali
1993 2219 2146 2282 greci,
2176 2214 2258 2267 cio
2284 2234 2370 2268 era
2395 2234 2493 2266 una
2515 2223 2607 2280 cap-

1729 2291 1854 2339 tatio
1892 2289 2261 2338 benevolentiae
2316 2287 2430 2354 (cfr.
2469 2284 2608 2351 Intr.).

1728 2360 1946 2409 Extulit
1979 2366 2058 2409 sta
2102 2377 2194 2426 per
2244 2360 2527 2418 transtulit,
2559 2356 2609 2407 ed

1731 2427 1760 2479 ὲ·
1796 2437 1929 2480 stato
1966 2431 2229 2495 suggerito
2268 2431 2404 2480 dalla
2445 2431 2609 2480 misura

1729 2501 1813 2552 del
1838 2517 1981 2551 verso
2014 2518 2043 2551 e
2080 2502 2376 2552 dall’amore
2403 2519 2489 2568 per
2519 2500 2609 2549 l’al·

1728 2573 2045 2623 litterazione
2065 2571 2238 2638 (expr.
2261 2571 2403 2639 exit).
2419 2574 2461 2624 Il
2479 2573 2609 2622 verbo

1730 2646 2031 2709 exprimere,
2047 2644 2113 2693 da
2138 2645 2323 2694 Plauto
2341 2653 2483 2696 usato
2502 2659 2608 2693 sem·

1728 2732 1818 2781 pre
1844 2730 1940 2765 con
1966 2714 2255 2780 significato
2280 2717 2483 2782 proprio
2512 2713 2609 2780 (cst.

1728 2787 1889 2837 anche
1925 2788 2069 2836 Eun.
2111 2786 2223 2850 68),
2262 2789 2328 2837 ha
2371 2787 2456 2853 qui
2492 2787 2527 2836 il
2558 2785 2608 2833 si-

1728 2856 1974 2923 gnificato
2037 2858 2354 2919 metaforico,
2413 2859 2501 2908 che
2556 2857 2609 2904 ha

1728 2945 1905 2994 presso
1944 2930 1961 2977 i
2000 2929 2212 2979 classici.
2264 2928 2388 2987 cfr..
2436 2930 2496 2978 ad
2535 2943 2607 2985 es..

1730 3000 1836 3049 Cic.
1861 3002 2017 3050 Tusc.
2046 3014 2099 3064 3,
2130 3013 2208 3062 19,
2236 3015 2333 3063 44;
2362 3002 2475 3051 Fin.
2507 3013 2542 3059 1,
2569 3011 2607 3057 2,

1732 3086 1766 3132 4
1780 3072 2016 3136 fabellas
2041 3073 2262 3122 Latinas
2286 3074 2362 3120 ad
2378 3073 2569 3120 verbum
2588 3085 2608 3116 e

1739 3143 1946 3191 Graecis
1971 3151 2259 3209 expressas,
2286 3159 2389 3194 ecc.
2430 3143 2607 3205 Quanto

1732 3213 1781 3264 al
1818 3221 2066 3274 concett0,
2102 3215 2145 3264 si
2170 3216 2282 3264 noti
2310 3214 2511 3265 tuttavia
2531 3211 2607 3260 che

1731 3300 1837 3334 non
1882 3285 1922 3333 si
1979 3286 2045 3334 ha
2097 3286 2231 3336 forse
2279 3287 2345 3336 da
2390 3284 2607 3351 prendere

1733 3363 1916 3422 troppo
1945 3357 2046 3406 alla
2075 3356 2256 3408 lettera
2284 3356 2606 3423 l'espressione

1733 3427 2039 3494 terenziana‚
2064 3445 2118 3478 se
2157 3426 2186 3478 ὲ
2211 3446 2332 3480 vero
2358 3429 2447 3478 che
2470 3425 2605 3476 anche

1732 3499 1893 3564 quest'
1914 3499 2097 3549 ultima
2122 3502 2404 3551 asserzione
2430 3499 2477 3549 di
2500 3496 2604 3554 Cic„

1730 3570 1782 3619 la
1807 3570 1961 3636 quale
1986 3573 2237 3636 parrebbe
2261 3573 2405 3623 desse
2424 3569 2603 3634 ragione

1730 3659 1761 3691 a
1785 3642 2052 3703 Terenzi0,
2080 3659 2186 3692 non
2212 3643 2324 3695 solo
2349 3639 2378 3692 ὲ
2401 3644 2462 3692 da
2484 3639 2601 3689 Cice·
