2850 4259
732 290 812 348 32
1504 284 1565 333 ι».
1610 285 1887 329 namn

729 407 1016 471 Alienas:
1096 408 1291 488 ipsum
1337 408 1654 472 dominum
1699 420 1881 489 atque
1927 431 2168 473 omnem
2219 410 2498 473 familiam

732 498 1047 561 Mulcauit.
1071 518 1258 576 usque
1303 500 1382 560 ad
1429 505 1684 561 mortem
1719 518 1733 560 z

1814 500 2030 580 eripuit
2078 500 2387 562 mfilierem
2557 521 2621 588 99

729 591 928 666 Quam
975 590 1233 651 amabat.
1313 591 1574 650 clamant
1619 599 1831 650 omnes
1875 590 2313 669 indignissume

728 680 976 740 Factum
1025 684 1195 739 esse:
1271 680 1388 740 hoc
1435 678 1783 740 aduenienti
1827 690 1974 756 quot
2021 679 2187 753 mihi,
2240 679 2442 755 Msci0,

727 766 988 829 Dixere!
1067 766 1131 827 in
1176 778 1335 828 orest
1380 767 1549 829 omni
1595 771 1843 847 populo,
1920 768 2201 846 denique,

729 855 791 916 Si
835 857 1267 918 conferendum
1312 860 1727 937 exemplumst,
1777 878 1901 918 non
1944 860 2188 919 fratrem
2235 857 2403 919 uidet

725 945 843 1007 Rei
888 946 1030 1006 dare
1077 965 1338 1024 operam,
1388 948 1509 1007 rtiri
1555 966 1683 1008 esse
1727 967 1975 1025 parcum
2020 968 2093 1009 ac
2138 948 2453 1008 sobrium?
2553 965 2617 1025 95

727 1036 976 1096 Nullum
1021 1034 1198 1095 hfiius
1243 1033 1437 1097 simile
1484 1039 1726 1098 factum.
1804 1037 1954 1098 haec
2000 1057 2182 1115 quom
2229 1038 2333 1110 illi,
2387 1036 2574 1109 Mscio,

799 1285 883 1348 89.
907 1286 1139 1346 Aluum,
1171 1306 1194 1331 ι
1220 1286 1341 1352 quia
1364 1287 1408 1335 si
1437 1285 1639 1335 lenonis

729 1359 934 1421 diceret,
980 1374 1134 1423 parva
1182 1374 1262 1408 res
1310 1358 1568 1409 videretur
1609 1374 1635 1400 ι

723 1431 949 1479 Donat0.
979 1454 1042 1463 —
1053 1429 1344 1493 familiam,
1371 1429 1404 1477 1’
1422 1429 1637 1479 insieme

725 1501 811 1551 dei
831 1500 1058 1565 famuli,
1095 1497 1206 1549 cioe
1243 1500 1380 1565 degli
1421 1500 1636 1551 abitanti

725 1573 779 1621 di
840 1586 942 1622 una
993 1587 1122 1632 casa,
1174 1588 1279 1621 non
1333 1572 1519 1621 esclusi
1562 1571 1634 1636 gli

725 1643 933 1693 schiavi.
975 1642 1080 1691 Cfr.
1129 1643 1376 1693 Cicerone
1435 1643 1632 1692 Caecin.

732 1728 810 1778 19,
854 1723 917 1779 55
955 1714 1229 1779 familiam
1278 1716 1636 1779 intellegamus

725 1802 857 1851 quac
890 1792 1084 1835 constet
1107 1802 1170 1834 ex
1189 1787 1351 1834 servis
1374 1786 1633 1850 pluribus,

724 1858 849 1922 quia
887 1873 1028 1906 unus
1077 1857 1222 1905 homo
1254 1855 1479 1920 familia
1530 1873 1635 1904 non

725 1930 810 1978 sit.
850 1926 963 1977 Con
1001 1927 1041 1977 il
1078 1927 1364 1992 significato
1402 1923 1493 1992 pist
1521 1944 1632 1992 spe·

728 2000 857 2050 cia1e
899 1999 952 2047 di
997 2019 1017 2042 ι
1061 1999 1253 2048 schiavi
1296 2016 1321 2041 ι
1365 1995 1392 2047 ὲ
1431 1999 1485 2048 in
1537 2000 1633 2059 Qu.

706 2071 800 2136 fr.
861 2084 908 2131 2,
961 2070 1008 2128 6,
1067 2079 1094 2134 5
1149 2072 1259 2134 qui.
1291 2076 1478 2119 emeret
1524 2086 1631 2119 eam

706 2142 981 2206 familiam
1019 2158 1052 2190 a
1095 2141 1300 2191 Catone.

795 2225 881 2276 92.
939 2213 1047 2271 hoc,
1098 2228 1264 2261 accus.
1315 2212 1524 2277 dipend.
1569 2212 1633 2260 da

723 2285 914 2334 dixere.
953 2284 1040 2333 Ma
1075 2293 1264 2335 annota
1287 2284 1511 2342 Donate,
1539 2284 1633 2333 che

721 2372 873 2421 possa
928 2355 1089 2405 anche
1144 2371 1310 2405 essere
1358 2355 1409 2404 la
1466 2355 1633 2404 forma

722 2427 919 2477 arcaica
973 2426 1093 2475 dell·
1115 2442 1223 2476 avv.
1283 2428 1396 2484 huc,
1453 2427 1629 2492 dipen-

722 2500 875 2548 dente
914 2498 967 2546 in
1006 2505 1187 2562 questo
1224 2513 1342 2547 caso
1379 2498 1447 2547 da
1477 2499 1631 2546 adue-

724 2569 904 2618 nienti.
945 2570 1040 2617 Per
1076 2569 1167 2617 hoc
1204 2591 1271 2610 ==
1298 2569 1397 2617 huc
1423 2568 1514 2619 cfr.
1542 2584 1631 2617 an-

721 2641 817 2690 che
853 2640 903 2689 la
941 2647 1061 2689 nota
1093 2639 1145 2688 di
1185 2640 1360 2690 Servio
1397 2641 1473 2689 ad
1498 2641 1629 2690 Aen.

721 2711 770 2772 8,
809 2723 931 2775 423.

737 2825 744 2832 .
795 2796 878 2846 93.
905 2784 962 2831 in
990 2799 1076 2831 ore
1101 2790 1188 2841 est,
1213 2783 1300 2832 scl.
1324 2782 1628 2842 Aeschinus,

721 2872 753 2904 o
792 2869 920 2920 pure
958 2855 1050 2902 Ιιοι·
1086 2850 1483 2918 (indignissume
1502 2852 1627 2917 fac·

722 2923 871 2990 tum).
921 2926 1021 2975 Per
1075 2925 1124 2973 la
1179 2924 1312 2975 frase
1372 2924 1463 2973 cfr.
1520 2922 1625 2973 Cic.

719 2997 862 3046 Lael.
909 3009 950 3056 1,
987 3010 1032 3045 2.
1063 3022 1128 3030 —
1169 2997 1401 3060 denique.
1428 2982 1472 3045 E
1499 3010 1629 3061 poco

722 3068 965 3118 motivato
1019 3067 1073 3115 in
1123 3082 1241 3116 vero
1291 3073 1473 3133 questo
1518 3083 1629 3131 pas·

721 3139 918 3204 saggiO.
958 3139 1055 3188 Per
1094 3134 1175 3188 cio
1213 3155 1243 3186 a
1291 3145 1455 3203 punto
1503 3138 1627 3186 dob-

719 3212 892 3260 biamo
957 3206 1225 3276 supporre
1260 3210 1354 3259 che
1414 3209 1627 3269 Demea,

720 3282 858 3331 nella
894 3282 1085 3346 grande
1117 3279 1319 3339 collem,
1347 3296 1452 3329 non
1478 3281 1625 3330 abbia

720 3349 812 3419 pih
849 3352 901 3402 la
938 3353 1075 3401 forza
1111 3352 1164 3400 di
1203 3353 1503 3401 continuare
1548 3351 1629 3401 sul

721 3433 843 3474 tono
881 3424 965 3474 dei
1003 3440 1079 3472 vv,
1133 3422 1308 3488 88·93,
1362 3439 1389 3473 e
1435 3422 1628 3488 prenda

719 3495 785 3544 ad
797 3496 1004 3544 assalire
1018 3495 1373 3545 direttamente
1385 3494 1627 3556 Micione,
1662 3505 1665 3508 ’

721 3566 1191 3632 rimproverandolo
1226 3581 1318 3630 per
1342 3565 1380 3613 il
1407 3580 1500 3613 suo
1526 3572 1628 3614 cat-

721 3637 827 3687 tivo
902 3638 1110 3689 metodo
1178 3636 1232 3685 di
1304 3636 1627 3686 educazione.

1745 1288 1936 1339 Trad.:
1993 1288 2082 1336 Ma
2132 1288 2185 1336 in
2235 1303 2497 1345 somma...
2538 1302 2623 1335 non

1746 1360 1874 1409 vede
1910 1359 2013 1423 egli
2049 1359 2143 1409 che
2181 1358 2219 1407 il
2259 1358 2469 1429 frateilo,
2507 1374 2595 1408 ecc.

1818 1444 1903 1493 94.
1943 1447 2048 1479 uon
2074 1450 2145 1469 =
2169 1447 2357 1479 nonne.
2383 1432 2427 1479 E
2456 1430 2625 1477 dubbio

1746 1518 1801 1552 se
1839 1518 2009 1551 nonne
2033 1501 2108 1550 sia
2132 1507 2264 1550 stato
2290 1509 2434 1550 usato
2458 1501 2551 1549 mai
2572 1500 2623 1547 da

1745 1573 1927 1622 Plauto
1990 1589 2018 1622 e
2079 1572 2143 1621 da
2204 1573 2481 1624 Terenzio:
2550 1586 2624 1637 per

1745 1644 1929 1694 Plauto
1962 1643 2073 1691 anzi
2100 1644 2181 1693 dai
2211 1644 2442 1693 moderni
2465 1641 2623 1693 editori

1745 1731 1917 1764 nonne
1956 1710 1983 1763 ὲ
2010 1715 2209 1763 escluso
2247 1732 2276 1763 a
2313 1715 2453 1765 fatto,
2489 1712 2620 1764 Certo

1744 1782 1774 1834 ὲ
1811 1786 1904 1835 che
1943 1786 2195 1835 Terenzio
2232 1803 2324 1835 usa
2361 1786 2622 1835 indifferen·

1744 1864 1969 1907 temente
1989 1873 2077 1905 -ne
2111 1855 2225 1921 (cfr.
2265 1874 2309 1906 v.
2352 1856 2416 1920 83
2455 1853 2621 1917 Dixin)

1744 1945 1772 1977 e
1810 1945 1915 1977 non
1954 1944 2258 1993 per-nonne.
2285 1927 2391 1979 Cfr.
2422 1944 2494 1977 W.
2520 1938 2617 1989 727,

1745 2010 1863 2064 754,
1906 1998 2024 2061 781,
2066 2015 2167 2051 ecc.

1816 2081 1898 2135 95.
1929 2071 2025 2119 Rei
2045 2092 2116 2111 =
2140 2071 2220 2118 rei
2223 2069 2496 2133 familiari
2502 2088 2523 2128 ,·
2553 2084 2619 2117 res

1741 2138 1770 2189 ὲ
1809 2141 1847 2190 il
1886 2141 2158 2206 guadagno
2198 2140 2253 2189 in
2289 2143 2430 2190 buon
2477 2155 2617 2198 senso,

1740 2221 1985 2277 quaestus
2022 2228 2115 2278 per
2151 2212 2203 2260 lo
2252 2209 2343 2278 pih
2397 2213 2449 2261 in
2494 2225 2617 2261 senso

1738 2284 1942 2333 cattivo.
1970 2281 2076 2332 Cfr.
2115 2282 2224 2332 Cic.
2269 2284 2366 2347 Off
2395 2298 2439 2343 2,
2467 2296 2539 2346 22,
2564 2292 2614 2344 77

1740 2355 1982 2419 quaestui
2014 2356 2195 2403 habere
2220 2371 2329 2403 rem
2352 2356 2617 2421 publicam:

1742 2441 1845 2475 ecc.

1810 2496 1895 2558 96.
1929 2497 2100 2555 haim,
2129 2513 2220 2562 per
2244 2496 2417 2545 alcuni
2440 2516 2505 2536 =
2530 2494 2613 2543 Cte-

1738 2570 1986 2633 siphonis,
2005 2568 2231 2632 fratris,
2260 2584 2290 2618 e
2327 2567 2536 2634 dipende
2564 2565 2613 2612 da

1720 2639 1970 2703 factum:
1994 2654 2086 2704 per
2110 2638 2223 2688 altri
2245 2635 2273 2687 ὲ
2292 2640 2449 2704 genit.
2478 2644 2609 2687 neutr.

1738 2709 1943 2775 dipend.
1972 2710 2037 2759 da
2055 2711 2234 2768 simile,
2257 2711 2351 2760 che
2376 2710 2459 2760 nel
2484 2708 2611 2758 latino

1739 2782 1822 2830 dei
1866 2780 2066 2829 Comici
2109 2781 2152 2830 si
2198 2782 2376 2832 unisce
2419 2798 2448 2831 a
2483 2786 2612 2846 punto

1738 2868 1833 2900 con
1891 2852 1928 2900 il
1985 2852 2227 2916 genitivo.
2277 2854 2337 2901 Io
2396 2854 2610 2902 traduco:

1742 2944 1763 2968 ι
1810 2923 1879 2971 Di
1917 2923 1991 2971 lui
2029 2921 2106 2987 (di
2143 2922 2393 2989 Eschino)
2430 2939 2527 2972 non
2560 2920 2612 2969 mi

1738 2990 1765 3041 ὲ
1805 3000 1933 3043 stata
1971 2995 2074 3043 mai
2112 2994 2306 3044 riferita
2333 3011 2450 3044 cosa
2474 2993 2612 3043 simile

1738 3082 1767 3113 a
1807 3073 1987 3131 questa
2018 3085 2061 3113 ι.
2102 3066 2177 3114 La
2217 3066 2370 3131 quale
2400 3067 2611 3130 interpre-

1738 3137 1936 3186 tazione
1982 3137 2133 3185 credo
2191 3138 2491 3202 preferibile‘
2515 3135 2609 3188 <alla

1736 3208 1916 3273 prima,
1960 3224 2145 3256 ancora
2179 3205 2272 3273 pih
2313 3210 2405 3273 che
2442 3207 2531 3256 alla
2552 3197 2611 3254 se«

1737 3280 1917 3342 conda,
1954 3274 2141 3344 perche
2175 3295 2273 3330 con
2311 3296 2420 3331 essa
2453 3293 2544 3328 non
2574 3275 2607 3323 si

1736 3351 1893 3416 perde
1918 3351 1971 3398 di
1999 3350 2139 3411 mira,
2162 3346 2229 3400 ne
2256 3368 2357 3416 pur
2381 3367 2467 3415 per
2488 3361 2604 3414 poco,

1736 3421 1775 3469 il
1813 3422 2153 3486 personaggio
2191 3418 2281 3488 pih
2314 3423 2606 3472 interessante

1738 3493 1823 3542 del
1859 3492 2084 3543 discorso
2108 3492 2163 3542 di
2186 3493 2399 3543 Demea.
2426 3492 2489 3540 Di
2511 3487 2604 3537 Cte-

1738 3563 1926 3613 sifonte
1985 3563 2028 3612 si
2075 3565 2218 3630 parla
2273 3565 2383 3613 solo
2430 3577 2512 3628 per
2551 3574 2604 3607 un

1739 3634 2027 3700 confronto,
2054 3652 2146 3701 per
2182 3636 2444 3687 incidenza
2465 3650 2491 3682 e
2512 3634 2603 3681 bre·

2745 866 2752 1000 1

2746 1046 2752 1152 1
