2850 4259
620 267 722 313 cn
1330 265 1806 313 mkonuztout

623 406 835 476 saputo
879 416 1114 477 sempre
1158 397 1528 458 combattere
1569 416 1604 458 e
1649 396 1889 459 vincere
1917 397 1975 456 le
2008 393 2396 474 esagerazioni
2422 395 2545 455 del

625 504 874 577 frate110,
921 522 1041 577 ora,
1092 504 1285 565 anche
1331 523 1394 564 se
1441 522 1548 582 per
1587 502 1877 565 necessita
1909 503 2258 564 dell'azione
2286 504 2548 564 dovesse

629 628 820 672 essere
866 609 1051 685 vint0,
1100 609 1343 672 cadesse
1395 629 1571 672 senza
1615 612 1843 685 lottare‚
1894 628 2071 671 senza
2113 609 2378 672 resistere
2415 606 2544 687 (1).

629 699 1077 796 ffipoeialmente'
1106 716 1209 796 poi
1239 719 1351 780 che
1383 716 1433 778 si
1464 727 1715 779 trattava
1746 716 1809 778 di
1839 736 1923 778 un
1957 727 2082 778 atto
2111 721 2236 778 cosi
2270 718 2544 789 solenne,

633 844 665 884 e
713 824 774 884 in
821 822 1160 886 condizioni
1204 829 1329 886 cosi
1378 834 1576 885 strane
1621 842 1729 902 per
1774 826 1912 885 l'eta
1956 841 2063 884 sua
2099 842 2133 883 e
2163 822 2227 883 di
2257 825 2545 895 Sostrata,

633 956 661 988 ι]
713 931 874 1009 dopo
920 933 1033 992 che
1081 931 1197 1010 egli
1242 931 1291 991 si
1338 951 1439 993 era
1486 942 1650 993 tante
1680 933 1843 992 volte
1872 930 2123 1009 gloriato
2155 928 2219 991 di
2250 949 2373 991 non
2400 948 2551 990 aver

641 1040 840 1099 voluto
875 1040 1146 1118 aeprender
1190 1039 1427 1117 moglie.
1478 1042 1589 1099 Per
1635 1049 1846 1116 questo
1892 1037 1935 1099 il
1996 1047 2177 1117 poeta
2220 1035 2408 1098 latino
2464 1037 2552 1095 ha

637 1148 950 1207 riffiavorato
997 1145 1101 1224 qui
1145 1156 1358 1224 questo
1403 1145 1816 1226 personaggiO,
1851 1165 1902 1219 e,
1938 1144 2182 1223 giacche
2212 1163 2348 1205 esso
2386 1143 2552 1204 nella

637 1256 778 1312 latta
841 1253 1076 1314 doveva
1133 1254 1364 1327 cadere,
1414 1255 1476 1314 lo
1537 1254 1597 1312 fa
1640 1253 1872 1327 cadere,
1921 1271 2027 1330 per
2086 1255 2211 1312 cosi
2273 1248 2421 1324 dire,
2469 1251 2553 1309 da

637 1364 803 1432 sorte,
839 1379 878 1420 o
906 1362 963 1420 al
1009 1379 1189 1422 meno
1221 1362 1282 1421 fa
1313 1362 1425 1422 che
1472 1380 1594 1421 non
1642 1359 1726 1420 sia
1756 1369 2002 1439 coperto
2035 1357 2098 1419 di
2128 1356 2382 1418 ridicolo
2428 1356 2553 1434 agli

641 1465 812 1528 anchi
844 1467 945 1527 del
991 1485 1098 1528 suo
1145 1467 1454 1545 pubblic0.
1502 1469 1573 1526 In
1620 1466 1768 1549 fatti,
1814 1485 1922 1545 per
1966 1467 2006 1526 l’
2031 1465 2314 1544 aggiunta
2356 1474 2552 1525 teren-

641 1576 823 1649 giana,
860 1573 963 1635 noi
995 1574 1049 1636 ci
1078 1574 1452 1653 accorgiamo
1483 1576 1595 1636 che
1640 1594 1676 1634 a
1721 1573 1983 1636 Micione
2015 1593 2141 1634 non
2172 1574 2377 1651 sfugge
2410 1574 2554 1649 qual

641 1700 812 1756 grave
857 1700 1033 1760 passo
1083 1681 1168 1742 sia
1221 1691 1437 1760 questo
1496 1701 1604 1761 per
1654 1680 1759 1755 lui,
1809 1701 1843 1741 e
1888 1682 2051 1742 nello
2096 1689 2281 1742 stesso
2343 1690 2557 1758 tempo

637 1798 860 1864 quanto
905 1787 1156 1850 ridicolo
1211 1787 1296 1849 sia
1327 1787 1370 1848 il
1416 1807 1526 1849 suo
1571 1787 1951 1849 matrimonio
1995 1786 2058 1847 in
2104 1788 2302 1865 quelle
2348 1786 2557 1848 condi·

641 1892 830 1969 rioni3
881 1913 915 1955 e
944 1905 1157 1973 questo
1201 1897 1372 1956 basta
1417 1897 1661 1974 perche,
1704 1913 1766 1954 se
1812 1896 2005 1955 anche
2051 1892 2100 1954 si
2143 1893 2413 1967 attende,
2447 1893 2561 1954 noi

645 2020 765 2061 nnn
810 2001 926 2081 glie
972 2004 1059 2063 ne'
1101 2001 1387 2064 facciamo
1433 2003 1658 2080 grande
1704 2004 1897 2080 colpa.

729 2110 804 2170 Se
851 2107 900 2168 si
944 2110 1186 2171 devono
1231 2130 1267 2170 a
1314 2098 1608 2170 Terenzio
1654 2108 1802 2168 ivv.
1842 2111 2144 2188 938·942,
2179 2126 2305 2168 non
2334 2107 2414 2166 ha
2440 2103 2557 2184 pin

644 2214 880 2292 ragione
918 2215 981 2276 di
1028 2235 1220 2278 essere
1264 2215 1534 2294 l’ipotesi
1577 2217 1740 2277 dello
1786 2213 2091 2290 Dziatzk0,
2137 2213 2181 2274 il
2227 2215 2429 2291 quale,
2463 2215 2568 2273 sul

643 2323 1032 2384 fondamento
1078 2323 1179 2382 del
1223 2343 1281 2383 v.
1334 2342 1459 2400 940
1509 2319 1675 2400 (ΑΕ.
1724 2323 1855 2381 Fac
1872 2340 1894 2380 .·
1928 2322 2191 2400 promisi
2246 2339 2347 2396 ego
2407 2312 2566 2384 illis.

645 2427 772 2490 Ml.
821 2429 1114 2489 Promisti
1156 2438 1347 2489 autem
1371 2427 1406 2488 ι’
1468 2431 1537 2489 de
1581 2436 1645 2488 te.
1690 2431 1970 2504 largitor,
2024 2425 2231 2506 puer),
2281 2444 2570 2505 suppone

645 2536 752 2594 che
797 2534 861 2595 in
907 2535 1245 2596 Menandro
1290 2534 1552 2597 Eschino
1598 2553 1822 2608 avesse,
1858 2532 1921 2594 in
1968 2543 2181 2610 questo
2210 2534 2358 2593 fatto
2402 2533 2573 2593 delle

761 2740 778 2779 l

751 2811 834 2883 (1)
872 2815 1025 2881 Sono‚
1066 2833 1096 2867 a
1133 2824 1316 2884 questo
1352 2818 1634 2885 preposite,
1661 2817 1827 2882 degne
1865 2819 1918 2868 di
1956 2824 2078 2869 nota
2115 2818 2165 2869 le
2202 2816 2439 2882 seguenti
2473 2833 2564 2882 pa·

649 2904 750 2954 mle
788 2903 873 2954 del
913 2906 1133 2970 Kampe,
1175 2906 1209 2956 Ι.
1247 2921 1289 2956 c.
1314 2924 1330 2954 .·
1370 2925 1395 2950 e
1437 2905 1537 2956 Die
1575 2905 1734 2956 Verse
1780 2915 1931 2971 11·15
1960 2906 2164 2957 werden
2189 2904 2402 2956 deshalb
2427 2903 2568 2953 wohl

653 2996 741 3044 :nit
785 2993 950 3044 Recht
1004 2994 1139 3044 noch
1194 2993 1289 3043 auf
1332 2994 1623 3060 Reehnung
1670 2995 1760 3045 des
1809 2993 2160 3058 griechischen
2213 2993 2450 3043 Dichters
2502 3007 2567 3042 zu

649 3092 813 3134 senen
852 3083 976 3143 sein,
1015 3082 1106 3134 der
1142 3084 1264 3134 aber
1300 3083 1439 3133 daun
1476 3083 1576 3134 den
1614 3083 1772 3133 Micio
1822 3083 1954 3133 nach
2004 3083 2147 3134 einer
2198 3082 2389 3133 kurzen
2440 3081 2570 3130 Ent-

653 3187 893 3239 gegnung
928 3172 1036 3222 sich
1073 3172 1283 3224 leichter
1307 3172 1425 3223 dem
1452 3172 1714 3223 Wunsche
1738 3173 1830 3224 der
1855 3170 2198 3224 Verwandten
2227 3170 2384 3236 stigen
2410 3167 2531 3220 liess
2557 3186 2570 3230 ;

653 3264 785 3312 deun
822 3259 981 3310 Micio
1018 3260 1084 3310 ist
1121 3261 1206 3312 ein
1242 3261 1415 3312 echter
1452 3262 1713 3312 Vertreter
1748 3262 1839 3312 der
1888 3260 2316 3311 Menandrisehen
2368 3259 2569 3323 Zeitge-

653 3366 850 3410 hussen,
888 3349 973 3400 die
1009 3350 1144 3401 ohne
1181 3350 1309 3400 Halt
1348 3351 1503 3400 dahin
1540 3349 1884 3401 schwankend
1912 3355 2061 3400 unter
2088 3349 2206 3400 dem
2232 3347 2450 3399 Scheine
2476 3347 2568 3398 der

657 3440 953 3490 Humanitat
990 3439 1128 3490 allen
1166 3438 1292 3490 alles
1330 3439 1599 3491 erlaubten
1636 3440 1744 3490 und
1779 3438 1977 3504 infolge
2016 3438 2150 3489 ihrer
2186 3436 2575 3502 Euergielosig-

653 3532 758 3580 keit
793 3529 933 3579 nicht
968 3529 1160 3580 einmal
1196 3529 1280 3580 die
1317 3529 1471 3579 Kraft
1507 3530 1766 3592 besassen,
1802 3527 1914 3577 sich
1948 3542 2115 3594 gegen
2151 3528 2235 3577 die
2271 3542 2373 3577 von
2410 3527 2571 3578 ihnen

653 3620 808 3668 aelbst
844 3618 1130 3670 erkannten
1168 3619 1485 3670 Thorheiten
1522 3635 1584 3668 zu
1621 3618 1825 3668 wehren
1861 3617 1968 3666 und
2005 3632 2068 3665 zu
2104 3615 2393 3668 vervahren
2437 3630 2484 3666 ο.
