2850 4259
498 300 739 348 mraonozrorre
849 274 851 277 ’
1052 304 1105 351 crx

43 478 44 483 η
143 430 338 510 Immaginare
362 429 393 490 in
415 432 476 490 fine
497 430 553 491 che
568 426 699 490 Esehino
723 436 990 507 spontaneamente
1013 428 1104 490 abbia

43 536 44 539 ’
143 558 295 618 promesso
324 558 343 597 a
369 538 499 598 Sostrata
528 538 558 597 le
591 554 683 597 nozze
716 553 773 595 eon
808 534 939 597 Micione
973 535 1105 616 significa

143 665 273 708 scemate
296 647 316 704 l'
326 643 511 723 importanza
533 643 583 704 del
605 641 657 722 pilr
672 661 746 720 gran
761 640 903 704 sacrifizio
918 644 974 705 che
989 646 1105 704 Demea

142 755 228 814 vuole
254 751 386 829 impone
407 753 437 810 al
460 752 585 824 fratello,
611 748 753 829 significa,
771 752 838 810 vale
853 770 871 811 a
886 748 960 826 dire,
977 751 1104 810 franten·

141 861 210 920 dere
233 860 264 920 la
298 867 383 937 parte
416 868 538 919 assunta
574 857 614 917 da
644 859 760 917 Demea
791 858 861 918 nell’
874 855 994 936 epilogo
1024 855 1104 934 degli

41 964 43 967 ’
143 966 300 1045 Adelphoc.

147 1189 353 1202 *-

142 1337 213 1387 Haee
232 1336 322 1386 omnia
340 1342 473 1401 nequeunt
492 1335 566 1386 aliter
585 1334 709 1399 explicari
728 1335 847 1401 quamsi
866 1340 942 1399 putes
961 1335 1059 1402 aliquid
1078 1337 1105 1385 in

142 1426 264 1476 Minionis
284 1424 362 1474 domo
380 1432 455 1475 antea
475 1431 630 1474 transactum
648 1438 703 1474 esse
723 1429 749 1473 et
766 1423 892 1475 Demeam
911 1425 973 1474 satis
991 1426 1042 1475 iarn
1061 1426 1105 1475 de-

141 1517 295 1567 bacchatum
315 1515 347 1564 ad
364 1514 504 1565 consilium
517 1515 710 1566 adsimulandae
723 1514 876 1566 clementiae
890 1515 1009 1566 transisse
1024 1537 1046 1571 ι,
1061 1517 1105 1566 Ma

142 1621 214 1656 come
233 1604 255 1654 si
274 1601 329 1670 prro
341 1609 471 1654 sostenere
489 1602 536 1654 che
555 1593 619 1663 Siro,
639 1601 712 1663 Geta,
732 1604 852 1663 Eschino,
873 1605 940 1669 tutti,
961 1620 1012 1654 non
1032 1606 1105 1656 siano

144 1694 327 1759 grandemente
346 1692 457 1758 sorpresi
475 1692 518 1743 del
541 1707 625 1742 nuovo
649 1693 788 1757 procedere
809 1694 835 1741 di
861 1694 979 1744 Demea?
1007 1694 1060 1744 Cfr.
1086 1696 1107 1745 il

142 1790 229 1834 nostro
248 1788 395 1834 commento
408 1782 433 1830 ai
447 1797 484 1834 vv.
501 1779 563 1847 883,
578 1780 638 1847 884,
653 1781 712 1844 887,
728 1780 796 1840 888;
817 1782 839 1831 si
858 1783 984 1833 consideri
1000 1784 1028 1833 in
1040 1784 1105 1836 oltre

142 1873 157 1922 1¹
168 1873 252 1923 ironia
270 1872 312 1921 dei
332 1888 373 1922 vv.
392 1871 445 1934 884
457 1887 505 1937 eg,
525 1870 584 1934 898,
605 1886 654 1935 911
676 1888 741 1937 sgg.,
755 1888 814 1936 ecc,
833 1889 848 1923 e
867 1874 889 1922 si
901 1873 1028 1924 rioordino
1047 1892 1105 1941 spe·

142 1962 278 2012 eialmente
308 1961 335 2011 le
365 1960 601 2026 significantissime
632 1960 721 2028 parole
751 1961 777 2010 di
807 1961 907 2012 Demea
937 1978 952 2012 a
982 1962 1038 2013 Siro
1062 1965 1106 2016 nei

142 2068 179 2102 vv.
193 2048 244 2113 887
265 2066 303 2116 sg.
324 2051 415 2117 Atqui,
436 2051 507 2114 Syre,
527 2051 584 2099 Hoc
603 2058 722 2101 mrumst
739 2058 765 2102 ct
778 2051 835 2116 ἰρεα
853 2067 882 2100 re
897 2054 1027 2116 experiere
1040 2061 1104 2119 pro·

138 2141 247 2206 pediem,
268 2156 282 2189 e
301 2139 379 2205 quell'
388 2140 471 2190 ironia
490 2155 542 2189 non
557 2154 634 2191 meno
652 2138 817 2204 significante
836 2139 930 2190 diretta
947 2141 980 2189 ad
992 2141 1104 2192 Esehino

142 2230 166 2278 al
184 2246 207 2281 v.
228 2241 280 2293 923
299 2228 354 2294 (Sic
372 2227 457 2292 solco).
478 2228 501 2278 Ε
519 2245 583 2294 pure
601 2228 623 2278 si
642 2228 702 2277 badi
727 2228 774 2279 che
802 2228 826 2279 le
848 2229 1002 2281 circostanze
1027 2247 1105 2283 erano

142 2318 186 2368 tali
206 2317 239 2366 da
257 2317 365 2368 rendere
384 2333 460 2367 meno
481 2323 566 2368 strena
584 2317 610 2366 la
628 2333 712 2367 nuova
731 2317 852 2369 condotta
870 2318 896 2367 di
915 2319 1023 2371 Demea.
1044 2320 1105 2386 Egli

142 2409 162 2457 si
181 2424 223 2458 era
242 2409 340 2457 oramai
358 2423 443 2458 arreso
461 2407 486 2457 al
505 2407 616 2466 fratello,
636 2407 668 2457 ed
687 2423 765 2456 aveva
783 2414 907 2458 accettato
928 2408 955 2457 di
981 2410 1104 2474 prendere

142 2504 212 2564 parte
230 2496 281 2546 alla
294 2495 360 2548 festa
372 2497 439 2548 delle
452 2512 530 2548 nozae
543 2496 586 2548 del
599 2495 718 2562 figliuolo
730 2495 775 2562 (85
779 2511 794 2561 3
807 2496 875 2562 sg.);
894 2494 987 2564 perche
999 2499 1104 2564 dunque

141 2602 194 2637 non
211 2586 351 2637 arrebbero
369 2592 492 2652 potutoe
512 2586 569 2637 Siro
589 2602 603 2637 e
624 2585 690 2636 Geta
708 2586 742 2637 ed
761 2586 880 2649 Esehino,
894 2604 908 2638 e
921 2588 1105 2654 specialmente

141 2676 222 2742 quest’
234 2673 332 2734 ultimo,
352 2681 463 2740 prestare
481 2674 539 2725 fede
562 2674 741 2725 intieramente
759 2674 809 2726 alle
828 2676 915 2741 parole
942 2676 969 2726 di
992 2679 1098 2737 Demea,

139 2764 187 2814 che
205 2769 332 2830 poterano
351 2766 478 2814 sembrare
497 2763 620 2829 inspirate
640 2762 709 2814 dalla
731 2763 823 2829 letizia,
844 2765 891 2815 che
912 2779 1041 2830 occupava
1065 2764 1104 2830 gli

140 2853 221 2903 animi
238 2852 266 2902 di
285 2852 365 2903 tutti?
383 2851 495 2902 Esohino
514 2853 558 2918 poi
577 2869 620 2903 era
638 2868 739 2918 sempre
758 2869 794 2903 un
818 2851 945 2918 figliuolo,
965 2871 986 2915 e,
1006 2855 1030 2903 d‘
1041 2854 1105 2903 altra

140 2949 219 3009 parte,
234 2942 333 2993 Demea
350 2943 382 2990 ad
401 2942 514 2997 Esohirro
533 2942 624 2992 diceva
642 2957 707 3002 cose,
729 2943 783 3001 che,
798 2959 825 2993 se
838 2950 963 3008 poterano
976 2946 1104 2995 sembrare

140 3031 264 3097 alquanto
282 3037 366 3080 strane
384 3030 411 3080 in
430 3031 510 3080 bocca
527 3047 543 3079 a
561 3030 610 3094 lui,
630 3031 697 3080 forse
710 3038 838 3097 poterano
856 3049 939 3083 essere
952 3034 1032 3083 allora
1043 3034 1104 3099 giu·

140 3119 248 3170 stificate
266 3120 335 3169 dalle
355 3120 516 3178 eircostanze,
537 3136 551 3169 e
570 3126 641 3169 tanto
660 3116 705 3186 pil
725 3128 821 3186 quanto
834 3120 879 3188 pil
891 3123 1026 3174 sarebbero
1039 3130 1105 3174 state

140 3211 250 3260 naturali
268 3227 283 3261 e
307 3209 434 3260 ordinarie
452 3210 481 3260 in
499 3210 579 3260 bocca
599 3210 632 3258 ad
654 3225 690 3259 un
708 3212 787 3275 padre
811 3211 872 3262 dell
881 3212 968 3263 indole
985 3228 1104 3267 comune.

139 3301 163 3350 B
180 3316 251 3366 pure,
265 3299 346 3350 anche
364 3297 424 3359 cosi,
439 3298 551 3350 Esehino
567 3314 600 3349 ne
615 3296 629 3347 ὲ
648 3314 773 3366 sorpreso,
788 3317 802 3349 a
816 3302 958 3365 giudicarlo
977 3302 1046 3354 dalle
1058 3319 1104 3355 sue

140 3390 210 3441 brevi
228 3390 344 3454 risposte,
364 3404 378 3439 e
397 3387 636 3452 dall’esagerazione
655 3388 724 3439 della
742 3406 787 3440 sua
808 3390 875 3442 irase
893 3393 973 3442 Pater
999 3393 1104 3458 lepidis·

140 3495 210 3528 sume
224 3476 267 3527 del
280 3494 302 3526 v.
322 3489 371 3539 911
385 3495 391 3528 ι
412 3477 434 3525 si
452 3477 506 3527 noti
520 3476 567 3527 che
580 3476 639 3543 egli,
655 3475 697 3526 all’
710 3478 806 3530 infoori
820 3480 847 3529 di
857 3488 947 3546 questa
961 3480 1034 3543 irase,
1050 3497 1102 3533 non

140 3567 260 3633 risponde
287 3566 339 3617 mai
363 3567 389 3616 ai
410 3566 587 3634 complimenti
615 3567 642 3616 di
667 3567 783 3632 Demea;
808 3586 861 3621 non
887 3588 915 3622 sa
944 3571 1100 3639 rispondere,

140 3653 234 3725 perche
255 3670 309 3708 oon
326 3657 352 3707 ri
370 3651 385 3707 ὲ
402 3662 546 3726 preparato.
