2850 4259
491 254 657 298 Annnenon
726 233 727 238 ’
1012 256 1052 315 47

103 386 226 445 Nimium
249 385 323 445 istoc
344 381 449 444 abisti:
489 382 539 444 hic
561 392 683 460 propter
710 384 791 443 hnnc
821 381 952 442 adsiste:
992 403 1049 456 em,

540 474 687 533 stcu010.

103 564 176 624 caue
197 566 337 624 mindam
354 564 457 623 oculos
480 569 499 620 t
521 560 596 621 meis
612 561 705 621 oculis
722 569 874 638 quoquam
890 563 1054 621 demouets

539 661 614 723 tu03,
703 705 705 709 .
995 669 1053 724 170

101 743 142 801 Ne
164 751 246 802 mora
275 741 321 816 sit,
356 740 379 800 si
410 739 568 811 innuerim,
594 739 668 816 quin
698 759 817 817 pugnus
846 738 991 800 continuo
1023 738 1054 798 in

539 829 618 889 mala
640 830 769 890 haereat.

100 1203 140 1250 ες,
168 1187 219 1243 Η.;
249 1185 319 1243 Keil,
347 1183 386 1234 III
412 1182 447 1249 v,)
475 1199 548 1231 come

101 1258 184 1314 hercle,
212 1258 266 1321 pol,
297 1257 390 1319 edepol,
419 1272 488 1303 uero.
521 1254 548 1305 Si

101 1329 240 1377 scambiano
269 1328 297 1376 in
323 1327 380 1375 fatti
404 1327 432 1374 in
456 1325 547 1374 Plauto

100 1403 222 1448 enimuero
252 1400 284 1448 ed
313 1398 396 1445 hercle
423 1413 493 1452 uero,
522 1405 550 1445 ot

100 1472 210 1519 coinred
239 1478 269 1519 ot
283 1470 338 1533 pol,
358 1471 419 1532 quia
442 1469 509 1516 enim
535 1484 549 1516 e

99 1542 153 1604 quio
175 1541 269 1609 edepol,
282 1556 364 1603 neque
383 1541 450 1588 enim
470 1556 483 1587 e
503 1555 546 1586 ne-

100 1629 143 1675 que
160 1628 229 1671 uero,
242 1615 320 1661 inimo
339 1613 406 1659 enim
426 1611 458 1658 ed
470 1611 546 1657 immo

100 1699 163 1730 uero.
183 1683 236 1733 Cfr.
251 1684 322 1730 Nom
337 1683 427 1739 hercle,
447 1698 470 1729 v.
489 1694 546 1741 190.

98 1755 154 1803 Pare
167 1757 222 1802 anzi
237 1754 284 1802 che
304 1755 347 1801 nel
360 1753 441 1800 latino
461 1754 546 1799 antico

98 1828 156 1872 enim
176 1842 227 1874 non
246 1823 324 1872 abbia
348 1824 398 1872 mai
426 1840 462 1871 un
481 1839 546 1887 puro

98 1895 175 1945 valore
203 1895 312 1944 causale.
342 1897 406 1944 Esso
432 1891 446 1941 ὲ
472 1901 545 1942 usato

98 1967 274 2030 specialmente
294 1967 363 2015 nelle
382 1967 499 2030 risposte,
514 1966 546 2013 ed

98 2037 125 2084 ha
142 2040 192 2087 vari
207 2038 362 2101 significati:
383 2038 427 2101 qui
447 2037 468 2083 si
485 2051 545 2083 con·

99 2110 203 2159 traddice
216 2111 267 2158 alle
281 2110 368 2174 parole
382 2110 408 2156 di
423 2107 543 2155 Esehin0.

97 2179 168 2230 Forse
196 2178 248 2245 puio
280 2197 363 2229 essere
395 2179 422 2226 in
454 2187 545 2242 questo

96 2249 167 2314 luogo
186 2254 264 2301 citato
284 2251 338 2299 Cic.
357 2251 436 2298 Brut.
456 2263 496 2309 24,
511 2263 542 2309 91

96 2322 146 2369 Nec
158 2325 224 2371 enim
238 2332 276 2372 est
287 2322 348 2387 (Mo
366 2338 418 2369 non
437 2317 458 2380 ὲ,
474 2336 489 2367 0
504 2318 545 2385 B.)

97 2394 219 2443 eodem...
239 2395 332 2451 Brute,
353 2409 439 2442 caroso.
460 2392 487 2440 Si
506 2408 543 2439 os-

97 2465 155 2512 servi
174 2466 201 2512 in
221 2466 286 2514 oltre
306 2465 353 2512 che
373 2479 421 2512 con
435 2465 485 2512 tale
505 2480 545 2510 va·

96 2532 144 2583 lore
162 2538 229 2584 enim
256 2532 308 2600 pub
334 2536 439 2583 trovarsi
465 2535 545 2583 anche

96 2603 119 2651 in
145 2607 273 2672 principio
302 2607 328 2654 di
357 2606 543 2671 proposizione,

96 2690 162 2726 come
199 2695 227 2727 ce
261 2679 287 2726 lo
318 2686 410 2727 attesta
442 2678 545 2725 Donato

95 2744 168 2809 (enim
189 2749 318 2813 inceptiva
331 2749 456 2813 particula
476 2749 545 2812 apud

95 2826 186 2868 veteres
203 2818 271 2884 fuit),
286 2837 300 2869 e
314 2836 394 2879 come,
414 2821 479 2868 oltre
494 2819 545 2883 agli

95 2891 186 2955 esempi
215 2892 338 2940 rimastici
367 2892 393 2939 di
423 2890 472 2939 tale
500 2906 546 2938 uso

94 2956 146 3022 (cfr.
174 2963 254 3012 Phor.
284 2961 353 3026 9833
383 2964 445 3012 Hoc.
477 2960 546 3024 238;

94 3031 187 3083 Heout.
203 3044 251 3095 72;
265 3034 348 3083 Plaut.
363 3035 388 3081 Τ
388 3036 440 3082 rin.
457 3030 544 3096 1134),

94 3103 162 3151 celo
180 3120 261 3168 prova
280 3106 299 3153 il
318 3104 384 3153 fatto
403 3105 449 3153 che
469 3106 545 3162 enim,

95 3171 120 3219 in
141 3175 237 3224 unione
265 3192 314 3225 con
341 3192 412 3232 vero,
439 3190 543 3238 occupa,

95 3245 171 3294 anche
193 3247 236 3295 nel
261 3247 368 3313 periodo
394 3247 506 3303 classico,
527 3245 546 3292 il

96 3316 176 3377 primo
189 3325 263 3381 posto
277 3318 347 3367 nella
358 3316 545 3382 proposizione.

95 3384 143 3435 Csr.
168 3389 422 3447 Dziatzko-Hauler,
443 3388 545 3436 From

97 3469 160 3520 1133
192 3459 313 3525 Spengel,
346 3461 459 3508 Andr.2
493 3472 543 3520 913

604 1193 663 1243 271.
689 1209 722 1217 ·-
748 1183 818 1241 illuc,
845 1178 900 1230 cioe
923 1198 1011 1248 presso
1030 1183 1054 1230 al

602 1253 702 1302 lenone.
1070 1315 1072 1318 v

642 1325 699 1385 169.
715 1326 860 1376 Nimium...
876 1325 953 1373 abisti
963 1346 998 1364 =
1007 1334 1055 1388 pa·

603 1412 664 1444 ruoz
685 1404 769 1459 prope
786 1398 873 1456 odisti,
891 1396 939 1444 stai
964 1412 1056 1444 ancora

604 1474 695 1531 troppo
716 1468 742 1515 in
756 1464 787 1514 lie.
802 1494 835 1502 —
854 1471 916 1516 istoc
933 1488 970 1508 =
981 1468 1055 1516 istuc.

602 1538 662 1586 Cosi
681 1539 749 1595 illoc,
768 1539 814 1585 ltoc
838 1539 859 1586 si
883 1538 994 1587 scriveva
1013 1539 1056 1586 nel

600 1610 643 1658 lat.
663 1626 712 1659 arc.
733 1625 779 1673 per
797 1610 867 1665 illuc,
885 1611 942 1657 huc.
963 1609 1016 1656 Cfr.
1032 1610 1056 1656 la

601 1682 661 1728 nota
681 1681 751 1729 dello
771 1679 898 1745 Stampini
917 1680 940 1728 al
961 1697 983 1729 v.
1004 1694 1054 1740 92;

601 1752 644 1799 cfr.
659 1754 740 1800 anche
756 1752 780 1798 la
793 1761 880 1799 nostra
898 1751 1055 1804 Prefazione.

602 1849 635 1856 —-
653 1831 772 1886 propter,
792 1839 841 1870 con
860 1822 1003 1885 significato
1020 1824 1056 1870 lo·

601 1894 670 1942 cale:
695 1894 740 1941 cfr.
756 1902 848 1956 prope,
868 1895 900 1941 da
919 1894 959 1940 cui
979 1889 993 1940 ὲ
1012 1894 1054 1941 de-

601 1967 680 2014 rivato
709 1963 754 2028 (da
782 1962 930 2027 'propiter),
960 1981 974 2013 e
1002 1965 1054 2012 Cic.

600 2038 678 2084 Brut.
700 2042 723 2094 ὑ,
745 2048 779 2095 24
803 2043 913 2099 propter
937 2036 1055 2084 Platonis

600 2115 714 2155 statuam
734 2108 892 2154 consedimus
903 2124 913 2161 ,·
938 2106 1013 2156 Verr.
1031 2120 1054 2165 2,

601 2191 623 2234 2,
648 2188 711 2248 1593
732 2193 782 2225 ecc.
802 2176 863 2225 Sall.
886 2177 941 2225 Cot.
962 2187 1003 2239 59,
1025 2192 1055 2241 3;

602 2265 652 2297 ecc.
676 2250 697 2298 E
717 2249 850 2313 frequente
869 2248 897 2296 in
919 2248 1007 2307 latino,
1028 2251 1056 2297 in

601 2321 659 2368 tutti
691 2321 699 2368 i
731 2319 838 2384 periodi,
871 2320 953 2368 anche
982 2335 1055 2370 come

600 2391 719 2440 avverbio
739 2392 765 2438 di
783 2392 870 2453 luogo.
890 2390 942 2438 Cfr.
958 2407 980 2440 v.
996 2393 1054 2455 576,

600 2480 613 2511 e
634 2461 687 2512 Cic.
710 2463 764 2510 cat.
785 2462 841 2511 Ma.
866 2475 904 2522 14,
924 2461 976 2523 48;
994 2464 1054 2511 Jnv.

601 2547 625 2591 2,
651 2548 675 2593 4,
706 2547 751 2593 14;
780 2548 831 2582 ecc.
862 2559 895 2567 -
922 2550 979 2584 om:
1009 2534 1054 2583 cs.

600 2621 622 2653 v.
647 2618 703 2667 137.
730 2604 825 2655 Trad.:
853 2620 920 2663 ecco,
949 2604 1002 2654 cosi
1025 2622 1056 2653 va

600 2677 674 2726 bene.
700 2675 752 2724 Cfr.
773 2675 855 2724 Plaut.
880 2676 972 2738 Amph.
994 2687 1054 2738 307.

641 2758 697 2808 170.
714 2747 791 2805 Cone,
805 2747 933 2811 pirrichio.
946 2772 978 2781 —
987 2765 1055 2797 nun·

600 2820 686 2874 ciooo,·
715 2818 760 2865 cfr.
790 2834 811 2866 v.
841 2819 897 2882 156.
923 2842 957 2851 -
986 2821 1054 2876 meis,

601 2906 670 2937 mon.
689 2905 735 2954 per
754 2889 825 2936 siniz.

641 2971 699 3022 171.
714 2959 767 3011 cfr.
778 2960 860 3008 Plaut.
872 2962 939 3009 Rud.
951 2971 1001 3024 731
1017 2976 1055 3025 sg.

607 3033 656 3081 Vos
675 3033 745 3090 adeo,
759 3033 804 3079 uti
822 3048 864 3097 ego
881 3034 992 3080 innuero
1011 3048 1056 3080 uo·

601 3105 645 3161 bio,
671 3118 722 3152 ecc.
750 3129 783 3137 -
811 3105 941 3160 continuo,
966 3104 1056 3152 imme·

601 3175 765 3234 diatamente,
780 3170 836 3222 cioe
855 3190 929 3222 senza
948 3173 1055 3223 interru-

600 3246 673 3295 zione
701 3255 739 3293 tra
763 3261 815 3292 una
833 3260 891 3293 cosa
910 3262 924 3293 e
948 3245 1056 3308 l'altra3

600 3318 633 3365 da
659 3333 711 3364 non
737 3316 901 3365 confondersi
924 3332 972 3366 con
994 3325 1055 3381 pcr-

596 3395 685 3452 petuo,
705 3383 761 3436 cioe
786 3403 861 3436 senza
884 3388 1055 3438 interruzione

601 3459 671 3508 nella
692 3466 771 3508 stessa
796 3475 861 3508 cosa.
885 3486 916 3493 -
942 3460 1054 3509 haereat.

96 3528 208 3593 Ramsay,
229 3532 341 3581 Mostell.
365 3531 470 3580 Excurs.
491 3531 544 3590 vt,
601 3531 696 3579 Trad.:
734 3527 834 3595 perche,
873 3530 967 3595 quand‘
980 3531 1005 3578 io
1036 3531 1056 3579 ti

95 3598 121 3648 P.
140 3601 255 3666 Langen,
275 3603 404 3668 Beitriige,
423 3619 466 3668 pp¹
482 3601 546 3650 261·
601 3601 681 3652 faccia
700 3617 790 3660 cenno,
808 3609 835 3650 tu
854 3602 891 3650 sia
910 3608 1003 3666 pronto
1022 3602 1055 3650 ad
1129 3670 1132 3676 1
