2850 4259
469 287 704 332 rnrnonuzronc
773 268 776 280 “
964 288 1060 333 cxxxi

160 409 181 460 ll
197 410 243 459 Pa
253 410 308 459 ris
317 411 328 458 i
337 427 356 458 n
365 427 384 459 u
394 426 423 468 s,
442 410 485 461 del
503 410 541 461 IX
554 428 570 460 o
583 411 608 459 X
621 412 715 463 secolo,
729 412 751 462 Ε
764 411 850 462 scritto
863 402 892 460 in'
903 411 1055 471 minuscolo,

114 500 258 558 econtiene,
277 499 305 548 in
325 507 389 549 testa
408 500 434 550 di
453 500 572 551 ciascuna
591 517 674 564 scena,
688 501 789 565 disegni
808 516 861 550 non
881 501 994 561 colorati,
1013 501 1063 552 che

113 605 140 639 ne
156 597 351 654 roppresentono
369 589 379 636 i
397 590 551 654 personaggi
569 590 617 652 (1).
643 590 678 639 Vi
697 605 788 639 manca
806 590 832 639 ln
855 590 980 639 Pcrioclca
1005 590 1061 640 del·

113 677 278 726 l'Eunuchus.
303 659 478 741 &designato
496 693 545 727 con
569 678 594 727 ln
612 679 701 728 lettera
724 675 776 739 ¹²5
801 678 823 727 si
846 694 970 729 conserva
992 679 1062 729 nelle

115 764 172 815 Bibl.
188 765 249 814 Naz.
269 766 296 815 di
315 765 400 831 Pnrigi
418 764 518 831 (Paris.
539 765 629 833 7899).

158 854 178 904 ll
210 855 440 913 Vaticanus,
468 855 511 909 det
530 856 568 905 IX
586 872 602 904 o
621 855 646 904 X
665 856 759 906 secolo.
783 855 892 922 Copiato
914 857 947 905 da
967 872 1002 906 un
1021 863 1061 907 te·

116 943 182 993 desco
192 943 262 992 dallo
275 950 357 993 stesso
369 944 493 1009 originale
506 944 532 994 di
547 941 591 1003 Ρ,
608 942 704 995 ionch'
712 961 776 1004 esso,
787 960 860 996 come
871 946 889 994 il
900 946 1063 1010 precedente,

114 1033 136 1081 in
157 1039 277 1083 carattere
302 1032 446 1085 minnscolo
474 1034 506 1084 ed
533 1042 623 1085 ornato
641 1035 668 1085 di
687 1034 776 1100 figure.
801 1035 846 1086 Mn
868 1035 913 1101 qui
932 1037 941 1085 i
960 1036 1061 1101 disegni

115 1136 169 1170 sono
180 1121 293 1181 colorati,
307 1137 322 1171 e
335 1121 415 1171 molto
430 1130 633 1174 accuratamente
646 1121 701 1188 (2):
720 1124 739 1173 il
751 1124 837 1175 colore
850 1125 896 1175 che
911 1125 1062 1190 predomina

114 1204 157 1259 iil
174 1210 308 1271 turchino;
328 1226 440 1260 menon
459 1211 484 1260 vi
504 1227 629 1262 mancino
647 1213 666 1262 il
684 1212 764 1277 giollo
783 1213 836 1264 eil
855 1228 932 1271 rosso,
952 1213 1061 1279 special·

114 1306 189 1350 mente
207 1299 276 1350 nelle
294 1299 436 1365 variopinte
455 1299 536 1365 figure
554 1301 623 1365 degli
642 1301 823 1352 adulescentes.
842 1301 904 1351 Non
917 1302 942 1350 vi
955 1302 976 1351 si
990 1311 1061 1353 trova

112 1386 134 1435 la
147 1386 268 1437 Periocha
286 1388 503 1439 dell’liunuchus.
522 1371 545 1440 i
563 1396 757 1456 roppresentato
769 1389 838 1439 dalla
850 1390 917 1455 sigla
933 1385 980 1449 0,·
999 1405 1060 1440 con·

113 1477 198 1526 servasi
216 1477 285 1527 nella
303 1477 428 1527 Vaticano
446 1484 513 1528 sotto
532 1477 551 1528 il
570 1495 641 1527 num.
661 1477 740 1543 3868.

160 1567 186 1616 L’
199 1567 477 1617 Ambrosianus
495 1562 560 1633 (F),
580 1566 623 1617 del
641 1567 679 1618 IX
698 1583 715 1616 o
733 1567 758 1615 X
776 1568 871 1637 secolo.
884 1569 923 1617 La
941 1567 1062 1617 scrittnra

110 1648 270 1704 iminnscola
286 1669 293 1714 ;
308 1654 333 1704 vi
345 1670 410 1705 sono
422 1655 502 1705 anche
521 1656 566 1721 qui
586 1654 667 1720 figure
685 1655 843 1721 intercolote,
857 1657 881 1708 le
900 1657 971 1723 quali
990 1656 1061 1706 risol-

109 1757 174 1807 gono
190 1759 234 1808 per
251 1743 317 1793 altro
334 1744 387 1794 allo
406 1750 486 1795 stesso
505 1744 629 1809 originale
642 1745 683 1795 dei
696 1746 771 1794 codd.
793 1741 857 1797 Pe
871 1741 907 1796 C.
921 1748 984 1797 Esse
998 1760 1064 1794 sono

109 1830 220 1896 colorato,
240 1849 282 1881 ma
301 1832 328 1881 in
347 1848 398 1882 uno
417 1832 481 1882 tinto
500 1833 621 1883 uniendi
641 1849 676 1884 un
702 1834 821 1885 turchino
844 1834 949 1900 pallido,
975 1850 1061 1884 enon

108 1920 128 1968 si
146 1935 252 1985 possono
271 1937 429 1987 paragonare
445 1938 494 1972 con
507 1922 593 1988 quelle
606 1929 722 1973 accurate
735 1922 778 1974 del
796 1922 945 1973 Vaticanus.
960 1922 988 1972 si
1000 1937 1062 1973 con·

110 2023 175 2058 serva
192 2010 425 2061 nell’Ambrosinno
442 2011 469 2060 di
487 2011 587 2062 Milano
604 2010 644 2076 (H
657 2022 689 2076 75
704 2009 773 2075 ini),
788 2026 840 2061 non
852 2011 953 2069 intiero,
966 2006 1061 2077 pecchi

108 2098 129 2147 vi
148 2114 285 2149 moncano:
304 2100 322 2149 l'
331 2100 416 2151 Andr.
436 2098 541 2166 (tuttn);
562 2101 632 2151 Eun.
652 2116 691 2151 vv.
709 2110 803 2166 t·415;
823 2101 902 2150 Phor.
916 2100 959 2149 dal
971 2115 994 2149 ν.
1010 2097 1063 2163 832

108 2186 159 2236 sino
177 2186 226 2237 olla
244 2186 304 2238 fine.

156 2275 179 2326 11
202 2277 464 2337 Victorianus,
483 2277 526 2329 del
544 2277 583 2328 IX
601 2292 617 2326 o
635 2276 661 2325 X
680 2277 783 2338 secolo;
803 2275 855 2327 cosi
868 2277 939 2327 detto
952 2277 985 2326 dn
1003 2276 1063 2327 Pier

107 2361 210 2425 Vettori3
227 2365 252 2414 nl
271 2364 348 2430 quale
366 2372 529 2432 appertenne.
549 2365 576 2416 si
594 2365 695 2415 chiama
714 2365 758 2416 del
778 2376 845 2417 resto
862 2367 944 2415 anche
971 2365 1063 2415 Lacc-

106 2456 309 2505 cantianus
327 2454 395 2505 della
411 2454 480 2506 Bibl.
499 2455 569 2507 Med.
587 2454 763 2506 Laurentisne
780 2455 807 2505 di
826 2455 939 2515 Firenze,
954 2454 1019 2504 dove
1038 2455 1061 2504 si

107 2556 223 2594 conserva
242 2539 403 2609 (XXXVIII,
423 2542 476 2606 24).
489 2543 527 2593 La
545 2544 662 2594 scrittura
680 2540 695 2592 ὲ
715 2545 865 2595 minuscola.
879 2543 914 2592 Vi
933 2558 1023 2592 manco
1034 2543 1061 2593 la

106 2630 227 2680 Periocha
245 2631 307 2683 dell’
315 2632 461 2682 Eunuchus
471 2651 482 2690 ,·
501 2632 586 2682 alcuni
606 2630 671 2697 fogli
688 2633 835 2683 tradiscono
862 2647 913 2681 nna
936 2632 996 2682 dntn
1016 2627 1063 2698 piis

107 2729 205 2770 recente
225 2720 270 2770 del
289 2721 314 2769 X
333 2721 426 2772 secolo.
447 2703 469 2772 i
488 2721 622 2787 designato
641 2737 690 2772 con
707 2722 735 2772 la
752 2722 842 2773 lettera
863 2717 909 2773 1).

111 2913 323 2928 *-

155 3057 189 3108 (r)
204 3057 222 3098 ll
237 3055 306 3098 Fabia
319 3056 439 3108 riprodnce
453 3056 527 3099 alcuni
542 3056 564 3098 dl
580 3057 656 3107 questi
670 3055 759 3107 disessni
770 3055 829 3097 nella
838 3068 880 3098 sue
890 3055 992 3099 edizione
1002 3055 1065 3107 degli

106 3126 222 3179 Accipias.

155 3195 189 3250 (o)
205 3198 252 3240 Cir.
266 3197 354 3248 Schlee,
370 3198 420 3240 Scir.
440 3200 497 3248 Tor„
512 3212 534 3250 p.
549 3200 575 3240 6:
589 3208 600 3231 ⁸
616 3197 736 3249 Quum...
751 3197 874 3240 artificiose
894 3199 916 3239 in
931 3211 1065 3251 unoquoque

108 3279 184 3312 mena
198 3270 262 3313 illum
276 3269 394 3312 “ticulum
408 3270 522 3321 temporis.
537 3283 581 3322 quo
597 3283 673 3312 omnes
687 3279 778 3313 actores
792 3270 888 3312 maxime
912 3270 992 3312 intenti
1006 3277 1065 3321 suno

107 3341 171 3392 elegit
185 3342 245 3394 (eloi
259 3342 352 3384 l'nutore
366 3343 403 3384 dei
417 3341 521 3395 disegni),
536 3356 602 3394 quom
616 3355 677 3392 vere,
690 3343 770 3394 quales
785 3341 893 3394 cuiusque
909 3341 976 3384 animi
991 3350 1064 3383 monn

107 3423 184 3465 essent,
198 3413 297 3456 effinxit!
313 3414 393 3466 Neque
408 3414 451 3456 hoc
467 3414 533 3456 facile
544 3414 604 3457 lectu
619 3421 683 3464 erat3
696 3427 748 3454 unm
762 3426 870 3464 personas
881 3413 982 3455 distortis
997 3425 1066 3464 saepe

108 3482 178 3527 oribus
192 3486 304 3527 deformes
318 3494 342 3527 et
355 3498 395 3538 per
409 3493 478 3527 totam
492 3485 589 3528 fabulam
603 3483 695 3527 retinuit
708 3493 732 3526 et
745 3484 824 3536 paneis
838 3484 929 3526 lineolis
943 3482 1068 3526 immuteris

108 3560 149 3596 tem
161 3557 274 3599 subtiliter
287 3556 461 3606 transformavit,
471 3565 494 3598 ut
508 3570 595 3598 maeror
604 3555 717 3608 goudium,
727 3565 799 3597 metuo
813 3568 875 3606 spes,
885 3555 957 3597 omnis
967 3554 1068 3607 denique

109 3626 226 3671 moderatio
242 3628 309 3672 animi
326 3629 349 3671 in
363 3629 426 3671 vultu
445 3637 596 3681 appareret».
